<collection xmlns="http://www.loc.gov/MARC21/slim">
<record>
  <leader>01392cz  a2200253n  4500</leader>
  <controlfield tag="001">8196</controlfield>
  <controlfield tag="003">DLC</controlfield>
  <controlfield tag="005">20200103130140.0</controlfield>
  <controlfield tag="008">800811n| azannaab           |a aaa      </controlfield>
  <datafield tag="010" ind1=" " ind2=" ">
    <subfield code="a">n  50048178 </subfield>
  </datafield>
  <datafield tag="035" ind1=" " ind2=" ">
    <subfield code="a">(DLC)n  50048178</subfield>
  </datafield>
  <datafield tag="040" ind1=" " ind2=" ">
    <subfield code="a">DLC</subfield>
    <subfield code="b">eng</subfield>
    <subfield code="e">rda</subfield>
    <subfield code="c">DLC</subfield>
    <subfield code="d">DLC</subfield>
  </datafield>
  <datafield tag="046" ind1=" " ind2=" ">
    <subfield code="f">1922</subfield>
    <subfield code="2">edtf</subfield>
  </datafield>
  <datafield tag="053" ind1=" " ind2="0">
    <subfield code="a">PS3561.I42344</subfield>
  </datafield>
  <datafield tag="100" ind1="1" ind2=" ">
    <subfield code="a">Kimmey, John,</subfield>
    <subfield code="d">1922-</subfield>
  </datafield>
  <datafield tag="378" ind1=" " ind2=" ">
    <subfield code="q">John Lansing</subfield>
  </datafield>
  <datafield tag="400" ind1="1" ind2=" ">
    <subfield code="w">nne</subfield>
    <subfield code="a">Kimmey, John Lansing,</subfield>
    <subfield code="d">1922-</subfield>
  </datafield>
  <datafield tag="670" ind1=" " ind2=" ">
    <subfield code="a">His John Cleveland: his poetry and influence, 1955.</subfield>
  </datafield>
  <datafield tag="670" ind1=" " ind2=" ">
    <subfield code="a">Satire, 1968:</subfield>
    <subfield code="b">t.p. (John L. Kimmey)</subfield>
  </datafield>
  <datafield tag="670" ind1=" " ind2=" ">
    <subfield code="a">Dante&apos;s war, 2019:</subfield>
    <subfield code="b">t.p. (John Kimmey) page 191 (born in Albany, New York; joined the Army in 1943; received a Ph.D. in English on the G.I Bill at Columbia University; his novels are Mussolini&apos;s gold and The poet in the code room; his nonfiction includes anthologies on tragedy, satire, modes of literature (five volumes), a guide to writing, and a critical anthology of short fiction; published a book on Henry James, a monograph on 17th century English poetry, and articles on 17th century English poetry and American and Russian fiction; his memoir of a weekend in New York during the World Series was cited as notable in Essays 2018)</subfield>
  </datafield>
  <datafield tag="670" ind1=" " ind2=" ">
    <subfield code="a">Copyright catalog, viewed January 3, 2020</subfield>
    <subfield code="b">(Title: The poet in the code room ; Copyright Claimant: John Kimmey, 1922- )</subfield>
  </datafield>
  <datafield tag="678" ind1=" " ind2=" ">
    <subfield code="a">Ph.D.</subfield>
  </datafield>
  <datafield tag="952" ind1=" " ind2=" ">
    <subfield code="a">RETRO</subfield>
  </datafield>
  <datafield tag="953" ind1=" " ind2=" ">
    <subfield code="a">xx00</subfield>
  </datafield>
</record>