
<record>
  <leader>01012cz  a2200253n  4500</leader>
  <controlfield tag="001">18374</controlfield>
  <controlfield tag="003">DLC</controlfield>
  <controlfield tag="005">20200103073240.0</controlfield>
  <controlfield tag="008">780803n| azannaabn          |a aaa      </controlfield>
  <datafield tag="010" ind1=" " ind2=" ">
    <subfield code="a">n  78051238 </subfield>
  </datafield>
  <datafield tag="035" ind1=" " ind2=" ">
    <subfield code="a">(OCoLC)oca00187071</subfield>
  </datafield>
  <datafield tag="040" ind1=" " ind2=" ">
    <subfield code="a">DLC</subfield>
    <subfield code="b">eng</subfield>
    <subfield code="e">rda</subfield>
    <subfield code="c">DLC</subfield>
    <subfield code="d">DLC</subfield>
    <subfield code="d">ICU</subfield>
  </datafield>
  <datafield tag="046" ind1=" " ind2=" ">
    <subfield code="f">1914-11-23</subfield>
    <subfield code="g">2007-08-19</subfield>
    <subfield code="2">edtf</subfield>
  </datafield>
  <datafield tag="100" ind1="1" ind2=" ">
    <subfield code="a">Michałowska, Mira</subfield>
  </datafield>
  <datafield tag="370" ind1=" " ind2=" ">
    <subfield code="a">Łódź (Poland)</subfield>
    <subfield code="2">naf</subfield>
  </datafield>
  <datafield tag="370" ind1=" " ind2=" ">
    <subfield code="c">Poland</subfield>
    <subfield code="2">naf</subfield>
  </datafield>
  <datafield tag="374" ind1=" " ind2=" ">
    <subfield code="a">Authors</subfield>
    <subfield code="a">Journalists</subfield>
    <subfield code="a">Translators</subfield>
    <subfield code="2">lcsh</subfield>
  </datafield>
  <datafield tag="375" ind1=" " ind2=" ">
    <subfield code="a">Females</subfield>
    <subfield code="2">lcdgt</subfield>
  </datafield>
  <datafield tag="377" ind1=" " ind2=" ">
    <subfield code="a">pol</subfield>
  </datafield>
  <datafield tag="400" ind1="1" ind2=" ">
    <subfield code="a">Zandel, Mira</subfield>
  </datafield>
  <datafield tag="670" ind1=" " ind2=" ">
    <subfield code="a">Her Ania i Ewa ... 1977:</subfield>
    <subfield code="b">(Mira Michałowska)</subfield>
  </datafield>
  <datafield tag="670" ind1=" " ind2=" ">
    <subfield code="a">Do zobaczenia, stary wilku, 1997:</subfield>
    <subfield code="b">t.p. (Mira Michałowska)</subfield>
  </datafield>
  <datafield tag="670" ind1=" " ind2=" ">
    <subfield code="a">Wikipedia, wolna encyklopedia, January 2, 2020:</subfield>
    <subfield code="b">Mira Michałowska page (Mira Michałowska; surname: Zandel; born 23 November 1914 in Łódź; died 19 August 2007; Polish author, journalist, satirist, and translation of American literature)</subfield>
    <subfield code="u">https://pl.wikipedia.org/wiki/Mira_Micha%C5%82owska</subfield>
  </datafield>
  <datafield tag="953" ind1=" " ind2=" ">
    <subfield code="a">ee33</subfield>
    <subfield code="b">le19</subfield>
  </datafield>
</record>