
<record>
  <leader>01538cz  a2200277n  4500</leader>
  <controlfield tag="001">72870</controlfield>
  <controlfield tag="003">DLC</controlfield>
  <controlfield tag="005">20200103073231.0</controlfield>
  <controlfield tag="008">820429n| azannaabn          |a ana      </controlfield>
  <datafield tag="010" ind1=" " ind2=" ">
    <subfield code="a">n  82045268 </subfield>
  </datafield>
  <datafield tag="035" ind1=" " ind2=" ">
    <subfield code="a">(OCoLC)oca00742252</subfield>
  </datafield>
  <datafield tag="040" ind1=" " ind2=" ">
    <subfield code="a">DLC</subfield>
    <subfield code="b">eng</subfield>
    <subfield code="e">rda</subfield>
    <subfield code="c">DLC</subfield>
    <subfield code="d">OCoLC</subfield>
    <subfield code="d">DLC</subfield>
    <subfield code="d">KyU</subfield>
  </datafield>
  <datafield tag="046" ind1=" " ind2=" ">
    <subfield code="s">1891-04-07</subfield>
    <subfield code="t">1980</subfield>
    <subfield code="2">edtf</subfield>
  </datafield>
  <datafield tag="110" ind1="2" ind2=" ">
    <subfield code="a">American Saddle-Horse Breeders Association</subfield>
  </datafield>
  <datafield tag="368" ind1=" " ind2=" ">
    <subfield code="a">Horse breeders -- Societies, etc.</subfield>
    <subfield code="2">lcsh</subfield>
  </datafield>
  <datafield tag="370" ind1=" " ind2=" ">
    <subfield code="c">United States</subfield>
    <subfield code="e">Louisville (Ky.)</subfield>
    <subfield code="2">naf</subfield>
  </datafield>
  <datafield tag="377" ind1=" " ind2=" ">
    <subfield code="a">eng</subfield>
  </datafield>
  <datafield tag="410" ind1="2" ind2=" ">
    <subfield code="a">National Saddle-Horse Breeders Association (U.S.)</subfield>
  </datafield>
  <datafield tag="510" ind1="2" ind2=" ">
    <subfield code="w">b</subfield>
    <subfield code="a">American Saddlebred Horse Association</subfield>
  </datafield>
  <datafield tag="667" ind1=" " ind2=" ">
    <subfield code="a">The following heading for an earlier name is a valid AACR2 heading: National Saddle-Horse Breeders Association (U.S.)</subfield>
  </datafield>
  <datafield tag="670" ind1=" " ind2=" ">
    <subfield code="a">Its Register.</subfield>
  </datafield>
  <datafield tag="670" ind1=" " ind2=" ">
    <subfield code="a">Information from 678 converted Dec. 8, 2014</subfield>
    <subfield code="b">(Organized on Apr. 7, 1891 as the National Saddle-Horse Breeders Association; Name changed in 1899 to American Saddle-Horse Breeders Association)</subfield>
  </datafield>
  <datafield tag="675" ind1=" " ind2=" ">
    <subfield code="a">Register of the Amer. Saddlebred Horse Assoc., v. 62, 1982: t.p. (American Saddlebred Horse Association)</subfield>
  </datafield>
  <datafield tag="670" ind1=" " ind2=" ">
    <subfield code="a">Kentucky encyclopedia, ©1992:</subfield>
    <subfield code="b">page 19 (Founded in Louisville, Kentucky in 1891, requiring registered horses to be able to perform five distinct gates or be traceable to recognized bloodlines.  Name changed in 1980 to American Saddlebred Horse Association.  In 1985 moved its headquarters to the American Saddle Horse Museium at the Kentucky Horse Park in Lexington, Ky.)</subfield>
  </datafield>
  <datafield tag="952" ind1=" " ind2=" ">
    <subfield code="a">RETRO</subfield>
  </datafield>
  <datafield tag="953" ind1=" " ind2=" ">
    <subfield code="a">xx00</subfield>
    <subfield code="b">da25</subfield>
  </datafield>
</record>