
<record>
  <leader>03964cz  a2200685n  4500</leader>
  <controlfield tag="001">89848</controlfield>
  <controlfield tag="003">DLC</controlfield>
  <controlfield tag="005">20200103093852.0</controlfield>
  <controlfield tag="008">840305n| azannaabn          |b aaa     c</controlfield>
  <datafield tag="010" ind1=" " ind2=" ">
    <subfield code="a">n  82275788 </subfield>
  </datafield>
  <datafield tag="035" ind1=" " ind2=" ">
    <subfield code="a">(OCoLC)oca00896732</subfield>
  </datafield>
  <datafield tag="040" ind1=" " ind2=" ">
    <subfield code="a">InU</subfield>
    <subfield code="b">eng</subfield>
    <subfield code="e">rda</subfield>
    <subfield code="c">DLC</subfield>
    <subfield code="d">DLC</subfield>
    <subfield code="d">OOC</subfield>
    <subfield code="d">CtY-Mus</subfield>
    <subfield code="d">DLC</subfield>
    <subfield code="d">UkCU</subfield>
    <subfield code="d">CtY-Mus</subfield>
    <subfield code="d">PPi-MA</subfield>
    <subfield code="d">DLC</subfield>
  </datafield>
  <datafield tag="046" ind1=" " ind2=" ">
    <subfield code="f">1859-11-30</subfield>
    <subfield code="g">1924-11-08</subfield>
    <subfield code="2">edtf</subfield>
  </datafield>
  <datafield tag="100" ind1="1" ind2=" ">
    <subfield code="a">Li︠a︡punov, S. M.</subfield>
    <subfield code="q">(Sergeĭ Mikhaĭlovich),</subfield>
    <subfield code="d">1859-1924</subfield>
  </datafield>
  <datafield tag="370" ind1=" " ind2=" ">
    <subfield code="a">I︠A︡roslavlʹ (I︠A︡roslavskai︠a︡ oblastʹ, Russia)</subfield>
    <subfield code="b">Paris (France)</subfield>
    <subfield code="c">Russia</subfield>
    <subfield code="2">naf</subfield>
  </datafield>
  <datafield tag="374" ind1=" " ind2=" ">
    <subfield code="a">Composers</subfield>
    <subfield code="a">Pianists</subfield>
    <subfield code="a">Conductors (Music)</subfield>
    <subfield code="2">lcsh</subfield>
  </datafield>
  <datafield tag="375" ind1=" " ind2=" ">
    <subfield code="a">Males</subfield>
    <subfield code="2">lcdgt</subfield>
  </datafield>
  <datafield tag="400" ind1="1" ind2=" ">
    <subfield code="w">nna</subfield>
    <subfield code="a">Li︠a︡punov, Sergeĭ Mikhaĭlovich,</subfield>
    <subfield code="d">1859-1924</subfield>
  </datafield>
  <datafield tag="400" ind1="1" ind2=" ">
    <subfield code="a">Liapounow, S.</subfield>
    <subfield code="q">(Serge),</subfield>
    <subfield code="d">1859-1924</subfield>
  </datafield>
  <datafield tag="400" ind1="1" ind2=" ">
    <subfield code="a">Liapunow, S.,</subfield>
    <subfield code="d">1859-1924</subfield>
  </datafield>
  <datafield tag="400" ind1="1" ind2=" ">
    <subfield code="a">Lapunow, Sergjusz,</subfield>
    <subfield code="d">1859-1924</subfield>
  </datafield>
  <datafield tag="400" ind1="1" ind2=" ">
    <subfield code="a">Liapounow, Serge,</subfield>
    <subfield code="d">1859-1924</subfield>
  </datafield>
  <datafield tag="400" ind1="1" ind2=" ">
    <subfield code="a">Li︠a︡punov, S.</subfield>
    <subfield code="q">(Sergeĭ),</subfield>
    <subfield code="d">1859-1924</subfield>
  </datafield>
  <datafield tag="400" ind1="1" ind2=" ">
    <subfield code="a">Lyapunov, S.</subfield>
    <subfield code="q">(Sergei),</subfield>
    <subfield code="d">1859-1924</subfield>
  </datafield>
  <datafield tag="400" ind1="1" ind2=" ">
    <subfield code="a">Li︠a︡punov, Sergi︠e︡ĭ Mikhaĭlovich,</subfield>
    <subfield code="d">1859-1924</subfield>
  </datafield>
  <datafield tag="400" ind1="1" ind2=" ">
    <subfield code="a">Liapounov, Serge,</subfield>
    <subfield code="d">1859-1924</subfield>
  </datafield>
  <datafield tag="400" ind1="1" ind2=" ">
    <subfield code="a">Lyapunov, Sergei,</subfield>
    <subfield code="d">1859-1924</subfield>
  </datafield>
  <datafield tag="400" ind1="1" ind2=" ">
    <subfield code="a">Liapounov, S.</subfield>
    <subfield code="q">(Serguéï),</subfield>
    <subfield code="d">1859-1924</subfield>
  </datafield>
  <datafield tag="400" ind1="1" ind2=" ">
    <subfield code="a">Liapounov, Serguéï,</subfield>
    <subfield code="d">1859-1924</subfield>
  </datafield>
  <datafield tag="400" ind1="1" ind2=" ">
    <subfield code="a">Liapunov, Sergey,</subfield>
    <subfield code="d">1859-1924</subfield>
  </datafield>
  <datafield tag="400" ind1="1" ind2=" ">
    <subfield code="a">Lyapunov, Sergey Mikhaylovich,</subfield>
    <subfield code="d">1859-1924</subfield>
  </datafield>
  <datafield tag="400" ind1="1" ind2=" ">
    <subfield code="a">Ljapunov, S.,</subfield>
    <subfield code="d">1859-1924</subfield>
  </datafield>
  <datafield tag="400" ind1="1" ind2=" ">
    <subfield code="a">Ljapunow, Sergei,</subfield>
    <subfield code="d">1859-1924</subfield>
  </datafield>
  <datafield tag="400" ind1="1" ind2=" ">
    <subfield code="a">Liapounov, Sergeï,</subfield>
    <subfield code="d">1859-1924</subfield>
  </datafield>
  <datafield tag="400" ind1="1" ind2=" ">
    <subfield code="a">Liapunov, Sergej,</subfield>
    <subfield code="d">1859-1924</subfield>
  </datafield>
  <datafield tag="400" ind1="1" ind2=" ">
    <subfield code="a">Ljapunov, Sergej Michaijlowitsch,</subfield>
    <subfield code="d">1859-1924</subfield>
  </datafield>
  <datafield tag="400" ind1="1" ind2=" ">
    <subfield code="a">Liapunoff,</subfield>
    <subfield code="d">1859-1924</subfield>
  </datafield>
  <datafield tag="400" ind1="1" ind2=" ">
    <subfield code="a">Ljapunow, Sergej Michajlowitsch,</subfield>
    <subfield code="d">1859-1924</subfield>
  </datafield>
  <datafield tag="400" ind1="1" ind2=" ">
    <subfield code="a">Ляпунов, Сергей Михайлович,</subfield>
    <subfield code="d">1859-1924</subfield>
  </datafield>
  <datafield tag="667" ind1=" " ind2=" ">
    <subfield code="a">Non-Latin script reference not evaluated.</subfield>
  </datafield>
  <datafield tag="670" ind1=" " ind2=" ">
    <subfield code="a">His Pi︠e︡sni russkago naroda, 1899:</subfield>
    <subfield code="b">t.p. (S.M. Li︠a︡punov)</subfield>
  </datafield>
  <datafield tag="670" ind1=" " ind2=" ">
    <subfield code="a">His 5ème mazurka pour le piano, 1904:</subfield>
    <subfield code="b">t.p. (S. Liapounow)</subfield>
  </datafield>
  <datafield tag="670" ind1=" " ind2=" ">
    <subfield code="a">His Lieder für eine Sinsstimme mit Klavierbegleitung, 1902:</subfield>
    <subfield code="b">t.p. (S. Liapunow)</subfield>
  </datafield>
  <datafield tag="670" ind1=" " ind2=" ">
    <subfield code="a">His Polonaise pour grand orchestre, 1905:</subfield>
    <subfield code="b">t.p. (Serge Liapounow)</subfield>
  </datafield>
  <datafield tag="670" ind1=" " ind2=" ">
    <subfield code="a">His Żelazowa wola, 1920:</subfield>
    <subfield code="b">t.p. (... Sergjusza Lapunowa)</subfield>
  </datafield>
  <datafield tag="670" ind1=" " ind2=" ">
    <subfield code="a">Bolsh. Sov. Ėnt︠s︡., 1974</subfield>
    <subfield code="b">(Li︠a︡punov, Sergeĭ Mikhaĭlovich, 1859-1924)</subfield>
  </datafield>
  <datafield tag="670" ind1=" " ind2=" ">
    <subfield code="a">LC manual cat.</subfield>
    <subfield code="b">(hdg.: Li︠a︡punov, Sergeĭ Mikhaĭlovich, 1859-1924; usage: S. M. Li︠a︡punov, S. Li︠a︡punov, S. Lyapunov)</subfield>
  </datafield>
  <datafield tag="670" ind1=" " ind2=" ">
    <subfield code="a">His Simfonii︠a︡ no. 1 si minor, soch. 12 [SR] 1986:</subfield>
    <subfield code="b">container (Serge Liapounov [in rom.])</subfield>
  </datafield>
  <datafield tag="670" ind1=" " ind2=" ">
    <subfield code="a">His Symphony no. 2 in B flat minor [SR] 197-?:</subfield>
    <subfield code="b">container (S. Lyapunov; Sergei Lyapunov; S. Liapounov; Serguéï Liapounov)</subfield>
  </datafield>
  <datafield tag="670" ind1=" " ind2=" ">
    <subfield code="a">Romanov, B. Musique d&apos;orgue à Moscou [SR] p1991:</subfield>
    <subfield code="b">container (Sergey Liapunov)</subfield>
  </datafield>
  <datafield tag="670" ind1=" " ind2=" ">
    <subfield code="a">Li︠a︡punov, S.M. Symphony no. 1, op. 12 [SR] p2002:</subfield>
    <subfield code="b">label (Sergey Mikhaylovich Lyapunov) insert (Sergey Mikhaylovich Lyapunov; Sergei Ljapunow; Sergeï Liapounov)</subfield>
  </datafield>
  <datafield tag="670" ind1=" " ind2=" ">
    <subfield code="a">Balakirev, M.A. Islamey, 2004:</subfield>
    <subfield code="b">t.p. (Sergej Liapunov)</subfield>
  </datafield>
  <datafield tag="670" ind1=" " ind2=" ">
    <subfield code="a">His Piano works, p2004:</subfield>
    <subfield code="b">label (Sergej Michajlowitsch Ljapunov)</subfield>
  </datafield>
  <datafield tag="670" ind1=" " ind2=" ">
    <subfield code="a">Ian Shapisky, live in concert, 2004:</subfield>
    <subfield code="b">label (Liapunoff)</subfield>
  </datafield>
  <datafield tag="670" ind1=" " ind2=" ">
    <subfield code="a">V Čechách, c1906:</subfield>
    <subfield code="b">t.p. (S. Ljapunov)</subfield>
  </datafield>
  <datafield tag="670" ind1=" " ind2=" ">
    <subfield code="a">Li︠a︡punov, S.M. Symphonie Nr. 2 b-Moll op. 66 für grosses orchester, 1917, 2011:</subfield>
    <subfield code="b">t.p. (Sergej Michajlowitsch Ljapunow)</subfield>
  </datafield>
  <datafield tag="670" ind1=" " ind2=" ">
    <subfield code="a">Grove music online, November 5, 2013</subfield>
    <subfield code="b">(Lyapunov (Liapunov), Sergey Mikhaylovich; born November 18/30, 1859, Yaroslavl, died November 8, 1924, Paris; Russian composer, pianist, and conductor)</subfield>
  </datafield>
  <datafield tag="670" ind1=" " ind2=" ">
    <subfield code="a">Russian Wikipedia, November 5, 2013</subfield>
    <subfield code="b">(Ляпунов, Сергей Михайлович = Li︠a︡punov, Sergeĭ Mikhaĭlovich; born November 18/30, 1859, I︠A︡roslavlʹ, died November 8, 1924, Paris; Russian composer)</subfield>
  </datafield>
  <datafield tag="952" ind1=" " ind2=" ">
    <subfield code="a">ee17 consulted.</subfield>
  </datafield>
  <datafield tag="953" ind1=" " ind2=" ">
    <subfield code="a">bz46</subfield>
    <subfield code="b">vl22</subfield>
  </datafield>
</record>