
<record>
  <leader>02136cz  a2200253n  4500</leader>
  <controlfield tag="001">107546</controlfield>
  <controlfield tag="003">DLC</controlfield>
  <controlfield tag="005">20200103073303.0</controlfield>
  <controlfield tag="008">831122n| azannaabn          |a aaa     c</controlfield>
  <datafield tag="010" ind1=" " ind2=" ">
    <subfield code="a">n  83827278 </subfield>
  </datafield>
  <datafield tag="035" ind1=" " ind2=" ">
    <subfield code="a">(OCoLC)oca01056417</subfield>
  </datafield>
  <datafield tag="040" ind1=" " ind2=" ">
    <subfield code="a">ICU</subfield>
    <subfield code="b">eng</subfield>
    <subfield code="e">rda</subfield>
    <subfield code="c">ICU</subfield>
    <subfield code="d">DLC</subfield>
    <subfield code="d">OU</subfield>
  </datafield>
  <datafield tag="046" ind1=" " ind2=" ">
    <subfield code="f">1904-06-14</subfield>
    <subfield code="g">1990-12-01</subfield>
    <subfield code="2">edtf</subfield>
  </datafield>
  <datafield tag="100" ind1="1" ind2=" ">
    <subfield code="a">Kortüm, Gustav,</subfield>
    <subfield code="d">1904-1990</subfield>
  </datafield>
  <datafield tag="370" ind1=" " ind2=" ">
    <subfield code="a">Dargun (Germany)</subfield>
    <subfield code="b">Tübingen (Germany)</subfield>
    <subfield code="2">naf</subfield>
  </datafield>
  <datafield tag="374" ind1=" " ind2=" ">
    <subfield code="a">Chemists</subfield>
    <subfield code="a">College teachers</subfield>
    <subfield code="2">lcsh</subfield>
  </datafield>
  <datafield tag="375" ind1=" " ind2=" ">
    <subfield code="a">Males</subfield>
    <subfield code="2">lcdgt</subfield>
  </datafield>
  <datafield tag="378" ind1=" " ind2=" ">
    <subfield code="q">Gustav Ferdinand Albert</subfield>
  </datafield>
  <datafield tag="400" ind1="1" ind2=" ">
    <subfield code="w">nnaa</subfield>
    <subfield code="a">Kortüm, Gustav Ferdinand Albert,</subfield>
    <subfield code="d">1904-</subfield>
  </datafield>
  <datafield tag="400" ind1="1" ind2=" ">
    <subfield code="a">Kortüm, Gustav Ferdinand Albert,</subfield>
    <subfield code="d">1904-1990</subfield>
  </datafield>
  <datafield tag="670" ind1=" " ind2=" ">
    <subfield code="a">LCCN 61-39339: His Einführung in die chemische Thermodynamik, 1960</subfield>
    <subfield code="b">(hdg.: Kortüm, Gustav Ferdinand Albert, 1904- )</subfield>
  </datafield>
  <datafield tag="670" ind1=" " ind2=" ">
    <subfield code="a">LC data base, 10-31-83</subfield>
    <subfield code="b">(hdg.: Kortüm, Gustav Ferdinand Albert, 1904- ; usage: Gustav Kortüm)</subfield>
  </datafield>
  <datafield tag="670" ind1=" " ind2=" ">
    <subfield code="a">Wikidata via Wikipedia, January 2, 2020</subfield>
    <subfield code="b">(alias: Gustav Kortüm; instance of: human; sex or gender: male; country of citizenship: Germany; occupation: chemist, university teacher; given name: Gustav; date of death: +1990-12-01T00:00:00Z; date of birth: +1904-06-14T00:00:00Z; GND identifier: 106138502; place of death: Tübingen; VIAF identifier: 70318751; SUDOC authorities: 070023794; ISNI (P213): 0000000110290492; LCAuth identifier: n83827278; NTA identifier (Netherlands): 072438290; NLP identifier: A20086301; member of: German Academy of Sciences Leopoldina; place of birth: Dargun; Academic Tree ID (P2381): 66123; languages spoken or published: German; SHARE Catalogue author ID (P3987): 18268; employer: University of Tübingen; NKC identifier: uk2009425326; Brockhaus Enzyklop\u00e4die online ID (P5019): kortum-gustav-ferdinand-albert; description/label: chimico tedesco, chimist german, chimiste allemand, deutscher Chemiker , Duits scheikundige, German chemist, kimist gjerman, professor académico alemão, químic alemany, químico alemán, Saksamaa keemik, tysk kemiker, tysk kemist, tysk kjemikar, tysk kjemiker, כימאי גרמני)</subfield>
    <subfield code="u">http://www.wikidata.org/entity/Q16562504</subfield>
  </datafield>
  <datafield tag="953" ind1=" " ind2=" ">
    <subfield code="a">bz51</subfield>
  </datafield>
</record>