
<record>
  <leader>00706cz  a2200205n  4500</leader>
  <controlfield tag="001">124760</controlfield>
  <controlfield tag="003">DLC</controlfield>
  <controlfield tag="005">20200103073208.0</controlfield>
  <controlfield tag="008">850207n| azannaabn          |a aaa      </controlfield>
  <datafield tag="010" ind1=" " ind2=" ">
    <subfield code="a">n  84231588 </subfield>
  </datafield>
  <datafield tag="035" ind1=" " ind2=" ">
    <subfield code="a">(OCoLC)oca01301244</subfield>
  </datafield>
  <datafield tag="040" ind1=" " ind2=" ">
    <subfield code="a">DLC</subfield>
    <subfield code="b">eng</subfield>
    <subfield code="e">rda</subfield>
    <subfield code="c">DLC</subfield>
    <subfield code="d">DLC</subfield>
    <subfield code="d">OCoLC</subfield>
    <subfield code="d">CLU</subfield>
  </datafield>
  <datafield tag="053" ind1=" " ind2="0">
    <subfield code="a">PK8548.Z42</subfield>
  </datafield>
  <datafield tag="100" ind1="0" ind2=" ">
    <subfield code="a">Zhirayr</subfield>
  </datafield>
  <datafield tag="400" ind1="1" ind2=" ">
    <subfield code="a">Grigoryan, Zhirayr</subfield>
  </datafield>
  <datafield tag="400" ind1="1" ind2=" ">
    <subfield code="a">Grigorian, J.</subfield>
  </datafield>
  <datafield tag="670" ind1=" " ind2=" ">
    <subfield code="a">His Im srti girkʻě, 1972- :</subfield>
    <subfield code="b">v. 2, t.p. (Zhirayr)</subfield>
  </datafield>
  <datafield tag="670" ind1=" " ind2=" ">
    <subfield code="a">His Mer anbakht bakhtě, 1977:</subfield>
    <subfield code="b">t.p. (Zhirayr) enclosed author&apos;s card, 3/25/78 (Zhirayr, Zhirayr Grigoryan; J. Grigorian [in rom.], c/o Bank Bazargani Iran, Tehran, Iran)</subfield>
  </datafield>
  <datafield tag="952" ind1=" " ind2=" ">
    <subfield code="a">*bc99 030 060 070 080 10-15-90</subfield>
  </datafield>
  <datafield tag="953" ind1=" " ind2=" ">
    <subfield code="a">bc99</subfield>
    <subfield code="b">bc99</subfield>
  </datafield>
</record>