
<record>
  <leader>01645cz  a2200253n  4500</leader>
  <controlfield tag="001">142869</controlfield>
  <controlfield tag="003">DLC</controlfield>
  <controlfield tag="005">20200103073213.0</controlfield>
  <controlfield tag="008">850826n| azannaabn          |n aaa      </controlfield>
  <datafield tag="010" ind1=" " ind2=" ">
    <subfield code="a">n  85175438 </subfield>
  </datafield>
  <datafield tag="035" ind1=" " ind2=" ">
    <subfield code="a">(OCoLC)oca01410650</subfield>
  </datafield>
  <datafield tag="040" ind1=" " ind2=" ">
    <subfield code="a">DLC</subfield>
    <subfield code="b">eng</subfield>
    <subfield code="e">rda</subfield>
    <subfield code="c">DLC</subfield>
    <subfield code="d">UPB</subfield>
    <subfield code="d">MoSU</subfield>
  </datafield>
  <datafield tag="046" ind1=" " ind2=" ">
    <subfield code="f">1940-03-10</subfield>
    <subfield code="2">edtf</subfield>
  </datafield>
  <datafield tag="100" ind1="1" ind2=" ">
    <subfield code="a">Launay, Marcel,</subfield>
    <subfield code="d">1940-</subfield>
  </datafield>
  <datafield tag="370" ind1=" " ind2=" ">
    <subfield code="c">France</subfield>
    <subfield code="f">Nantes (France)</subfield>
    <subfield code="2">naf</subfield>
  </datafield>
  <datafield tag="373" ind1=" " ind2=" ">
    <subfield code="a">Université de Nantes</subfield>
    <subfield code="2">naf</subfield>
  </datafield>
  <datafield tag="374" ind1=" " ind2=" ">
    <subfield code="a">College teachers</subfield>
    <subfield code="a">Historians</subfield>
    <subfield code="a">Church historians</subfield>
    <subfield code="2">lcsh</subfield>
  </datafield>
  <datafield tag="375" ind1=" " ind2=" ">
    <subfield code="a">Males</subfield>
    <subfield code="2">lcdgt</subfield>
  </datafield>
  <datafield tag="377" ind1=" " ind2=" ">
    <subfield code="a">fre</subfield>
  </datafield>
  <datafield tag="670" ind1=" " ind2=" ">
    <subfield code="a">Allain, abbé (Jean-Baptiste), 1799-1880. Un seul pasteur, un seul troupeau : la Brière catholique au XIXe siècle, 1984:</subfield>
    <subfield code="b">title page (présenté par Marcel Launay) back cover (born 1940; docteur en histoire, docteur ès lettres)</subfield>
  </datafield>
  <datafield tag="670" ind1=" " ind2=" ">
    <subfield code="a">Nantes, 2013:</subfield>
    <subfield code="b">title page (direction scientifique: Jean Bouteiller, Hervé Chouinard, Marcel Launay [and others]) page 390 (Marcel Launay, professor emeritus at the University of Nantes) series title page (volume 9 in the series La Grâce d&apos;une cathédrale)</subfield>
  </datafield>
  <datafield tag="670" ind1=" " ind2=" ">
    <subfield code="a">Pie XI, le pape de l&apos;Action catholique, 2018:</subfield>
    <subfield code="b">title page (Marcel Launay) back cover (Marcel Launay; professor emeritus in modern history at the University of Nantes; research interest: history of Catholicism)</subfield>
  </datafield>
  <datafield tag="670" ind1=" " ind2=" ">
    <subfield code="a">Bibliothèque nationale de France online catalog, viewed January 2, 2020</subfield>
    <subfield code="b">(authorized access point: Launay, Marcel (1940-....); other data in authority record: born March 10, 1940; maître de conférences in modern history at the Université de Nantes (as of 1988))</subfield>
    <subfield code="u">https://catalogue.bnf.fr/ark:/12148/cb11911286d</subfield>
  </datafield>
  <datafield tag="953" ind1=" " ind2=" ">
    <subfield code="a">eb17</subfield>
  </datafield>
</record>