
<record>
  <leader>01417cz  a2200301n  4500</leader>
  <controlfield tag="001">147381</controlfield>
  <controlfield tag="003">DLC</controlfield>
  <controlfield tag="005">20200103073214.0</controlfield>
  <controlfield tag="008">851030n| azannaabn          |b aaa     c</controlfield>
  <datafield tag="010" ind1=" " ind2=" ">
    <subfield code="a">n  85231728 </subfield>
  </datafield>
  <datafield tag="035" ind1=" " ind2=" ">
    <subfield code="a">(OCoLC)oca01495261</subfield>
  </datafield>
  <datafield tag="040" ind1=" " ind2=" ">
    <subfield code="a">MiU</subfield>
    <subfield code="b">eng</subfield>
    <subfield code="e">rda</subfield>
    <subfield code="c">DLC</subfield>
    <subfield code="d">OCoLC</subfield>
    <subfield code="d">InU</subfield>
    <subfield code="d">WU</subfield>
    <subfield code="d">InU</subfield>
    <subfield code="d">NjP</subfield>
    <subfield code="d">CLU</subfield>
  </datafield>
  <datafield tag="046" ind1=" " ind2=" ">
    <subfield code="f">1947</subfield>
    <subfield code="2">edtf</subfield>
  </datafield>
  <datafield tag="100" ind1="1" ind2=" ">
    <subfield code="a">Mikhaĭlova, N. I.</subfield>
    <subfield code="q">(Natalʹi︠a︡ Ivanovna)</subfield>
  </datafield>
  <datafield tag="370" ind1=" " ind2=" ">
    <subfield code="c">Russia (Federation)</subfield>
    <subfield code="2">naf</subfield>
  </datafield>
  <datafield tag="373" ind1=" " ind2=" ">
    <subfield code="a">Gosudarstvennyĭ muzeĭ A.S. Pushkina</subfield>
    <subfield code="2">naf</subfield>
  </datafield>
  <datafield tag="374" ind1=" " ind2=" ">
    <subfield code="a">Museum directors</subfield>
    <subfield code="2">lcsh</subfield>
  </datafield>
  <datafield tag="375" ind1=" " ind2=" ">
    <subfield code="a">Females</subfield>
    <subfield code="2">lcdgt</subfield>
  </datafield>
  <datafield tag="377" ind1=" " ind2=" ">
    <subfield code="a">rus</subfield>
  </datafield>
  <datafield tag="378" ind1=" " ind2=" ">
    <subfield code="q">Natalʹi︠a︡ Ivanovna</subfield>
  </datafield>
  <datafield tag="400" ind1="1" ind2=" ">
    <subfield code="a">Mikhaĭlova, Natalʹi︠a︡ Ivanovna</subfield>
  </datafield>
  <datafield tag="400" ind1="1" ind2=" ">
    <subfield code="a">Михайлова, Н. И.</subfield>
    <subfield code="q">(Наталья Ивановна)</subfield>
  </datafield>
  <datafield tag="400" ind1="1" ind2=" ">
    <subfield code="a">Михайлова, Наталья Ивановна</subfield>
  </datafield>
  <datafield tag="667" ind1=" " ind2=" ">
    <subfield code="a">Non-Latin script references not evaluated.</subfield>
  </datafield>
  <datafield tag="670" ind1=" " ind2=" ">
    <subfield code="a">&quot;Parnasskiĭ moĭ otet︠s︡,&quot; 1983:</subfield>
    <subfield code="b">t.p. (Н.И. Михайлова = N.I. Mikhaĭlova) colophon (Наталья Ивановна Михайлова = Natalʹi︠a︡ Ivanovna Mikhaĭlova)</subfield>
  </datafield>
  <datafield tag="670" ind1=" " ind2=" ">
    <subfield code="a">National Library of Russia in VIAF, March 28, 2017</subfield>
    <subfield code="b">(hdg.: Mikhaĭlova  N. I.  d-r filol. nauk  1947-  Natalʹi︠a︡ Ivanovna; akad. RAO; Ass&apos;t Director of State Muzeum of A.S. Pushkin)</subfield>
  </datafield>
  <datafield tag="670" ind1=" " ind2=" ">
    <subfield code="a">Progulki po Moskve s Vasiliem Lʹvovichem Pushkinym, 2016:</subfield>
    <subfield code="b">title page verso (N.I. Mikhaĭlova)</subfield>
  </datafield>
  <datafield tag="953" ind1=" " ind2=" ">
    <subfield code="a">bz66</subfield>
  </datafield>
</record>