
<record>
  <leader>02530cz  a2200265n  4500</leader>
  <controlfield tag="001">149876</controlfield>
  <controlfield tag="003">DLC</controlfield>
  <controlfield tag="005">20200103073249.0</controlfield>
  <controlfield tag="008">870217n| azannaabn          |a aaa     c</controlfield>
  <datafield tag="010" ind1=" " ind2=" ">
    <subfield code="a">n  85263708 </subfield>
  </datafield>
  <datafield tag="035" ind1=" " ind2=" ">
    <subfield code="a">(OCoLC)oca01790600</subfield>
  </datafield>
  <datafield tag="040" ind1=" " ind2=" ">
    <subfield code="a">CtY</subfield>
    <subfield code="b">eng</subfield>
    <subfield code="e">rda</subfield>
    <subfield code="c">DLC</subfield>
    <subfield code="d">DLC</subfield>
    <subfield code="d">OU</subfield>
  </datafield>
  <datafield tag="046" ind1=" " ind2=" ">
    <subfield code="f">1900-03-15</subfield>
    <subfield code="g">1977-07-02</subfield>
    <subfield code="2">edtf</subfield>
  </datafield>
  <datafield tag="100" ind1="1" ind2=" ">
    <subfield code="a">Stang, Christian S.</subfield>
    <subfield code="q">(Christian Schweigaard),</subfield>
    <subfield code="d">1900-1977</subfield>
  </datafield>
  <datafield tag="370" ind1=" " ind2=" ">
    <subfield code="a">Oslo (Norway)</subfield>
    <subfield code="b">Kirkenes (Norway)</subfield>
    <subfield code="2">naf</subfield>
  </datafield>
  <datafield tag="374" ind1=" " ind2=" ">
    <subfield code="a">Linguists</subfield>
    <subfield code="a">College teachers</subfield>
    <subfield code="2">lcsh</subfield>
  </datafield>
  <datafield tag="375" ind1=" " ind2=" ">
    <subfield code="a">Males</subfield>
    <subfield code="2">lcdgt</subfield>
  </datafield>
  <datafield tag="378" ind1=" " ind2=" ">
    <subfield code="q">Christian Schweigaard</subfield>
  </datafield>
  <datafield tag="400" ind1="1" ind2=" ">
    <subfield code="a">Stang, Chr. S.</subfield>
    <subfield code="q">(Christian Schweigaard),</subfield>
    <subfield code="d">1900-1977</subfield>
  </datafield>
  <datafield tag="400" ind1="1" ind2=" ">
    <subfield code="w">nnaa</subfield>
    <subfield code="a">Stang, Christian Schweigaard,</subfield>
    <subfield code="d">1900-</subfield>
  </datafield>
  <datafield tag="400" ind1="1" ind2=" ">
    <subfield code="a">Stang, Christian Schweigaard,</subfield>
    <subfield code="d">1900-1977</subfield>
  </datafield>
  <datafield tag="670" ind1=" " ind2=" ">
    <subfield code="a">His Slavonic accentuation, 1957:</subfield>
    <subfield code="b">t.p. (Christian S. Stang)</subfield>
  </datafield>
  <datafield tag="670" ind1=" " ind2=" ">
    <subfield code="a">LC in RLIN, 2-2-87</subfield>
    <subfield code="b">(hdg.: Stang, Christian Schweigaard, 1900- ; usage: Chr. S. Stang)</subfield>
  </datafield>
  <datafield tag="670" ind1=" " ind2=" ">
    <subfield code="a">Wikidata via Wikipedia, January 2, 2020</subfield>
    <subfield code="b">(alias: Christian S. Stang, Christian Schweigaard Stang, Станг, Х. Станг, Хрысціян Станг, Хрысціян Швейгард Станг, Христиан Станг; sex or gender: male; VIAF identifier: 52697886; ISNI (P213): 0000000108575149; LCAuth identifier: n85263708; GND identifier: 118752669; country of citizenship: Norway; date of birth: +1900-03-15T00:00:00Z; date of death: +1977-07-02T00:00:00Z; occupation: linguist, university teacher; instance of: human; Freebase identifier: /m/05q4ml_; educated at: University of Oslo; given name: Christian; employer: University of Oslo; member of: Norwegian Academy of Science and Letters; NTA identifier (Netherlands): 069961492; award received: Fridtjof Nansen Award for outstanding research, historical-philosophical class; father: Fredrik Stang; place of birth: Christiania; surname: Stang; place of death: Kirkenes; field of work: linguistics; Great Russian Encyclopedia Online ID (P2924): 4162824; Store norske leksikon ID (P4342): Christian_Schweigaard_Stang; Norsk biografisk leksikon ID (P5080): Christian_Schweigaard_Stang; CONOR identifier: 119828323; SUDOC authorities: 059795131; NKC identifier: jn20000605126; NE.se ID (P3222): christian-stang; Norwegian historical register of persons ID (P4574): pf01036392089226; description/label: lingüista noruego, linguiste norsce, Noors taalkundige , norsk filolog, norvega lingvisto, Norwegian linguist, norwegischer Linguist, pükavan Norgänik, teangeolaí Ioruach)</subfield>
    <subfield code="u">http://www.wikidata.org/entity/Q1081845</subfield>
  </datafield>
  <datafield tag="953" ind1=" " ind2=" ">
    <subfield code="a">bz65</subfield>
  </datafield>
</record>