
<record>
  <leader>01676cz  a2200301n  4500</leader>
  <controlfield tag="001">165222</controlfield>
  <controlfield tag="003">DLC</controlfield>
  <controlfield tag="005">20200103073250.0</controlfield>
  <controlfield tag="008">870303nc azannaabn          |b aaa      </controlfield>
  <datafield tag="010" ind1=" " ind2=" ">
    <subfield code="a">n  86031058 </subfield>
    <subfield code="z">no 97039342 </subfield>
  </datafield>
  <datafield tag="035" ind1=" " ind2=" ">
    <subfield code="a">(OCoLC)oca01799751</subfield>
  </datafield>
  <datafield tag="040" ind1=" " ind2=" ">
    <subfield code="a">DLC</subfield>
    <subfield code="b">eng</subfield>
    <subfield code="e">rda</subfield>
    <subfield code="c">DLC</subfield>
    <subfield code="d">DLC</subfield>
    <subfield code="d">OCoLC</subfield>
    <subfield code="d">DLC</subfield>
    <subfield code="d">OCoLC</subfield>
    <subfield code="d">NNC</subfield>
    <subfield code="d">DcWaGWGG</subfield>
  </datafield>
  <datafield tag="046" ind1=" " ind2=" ">
    <subfield code="f">1879-08-14</subfield>
    <subfield code="g">1949-07-12</subfield>
    <subfield code="2">edtf</subfield>
  </datafield>
  <datafield tag="100" ind1="1" ind2=" ">
    <subfield code="a">Ding, Fuzhi,</subfield>
    <subfield code="d">1879-1949</subfield>
  </datafield>
  <datafield tag="370" ind1=" " ind2=" ">
    <subfield code="f">Hangzhou (China)</subfield>
    <subfield code="2">naf</subfield>
  </datafield>
  <datafield tag="400" ind1="1" ind2=" ">
    <subfield code="w">nne</subfield>
    <subfield code="a">Ting, Fu-chih,</subfield>
    <subfield code="d">1879-1949</subfield>
  </datafield>
  <datafield tag="400" ind1="1" ind2=" ">
    <subfield code="a">丁輔之,</subfield>
    <subfield code="d">1879-1949</subfield>
  </datafield>
  <datafield tag="400" ind1="1" ind2=" ">
    <subfield code="a">丁辅之,</subfield>
    <subfield code="d">1879-1949</subfield>
  </datafield>
  <datafield tag="500" ind1="1" ind2=" ">
    <subfield code="w">nnnc</subfield>
    <subfield code="a">Ding, Ren,</subfield>
    <subfield code="d">1879-1949</subfield>
  </datafield>
  <datafield tag="663" ind1=" " ind2=" ">
    <subfield code="a">Works by this author are identified by the name used in the item. For a listing of other names used by this author, search also under</subfield>
    <subfield code="b">Ding, Ren, 1879-1949</subfield>
  </datafield>
  <datafield tag="667" ind1=" " ind2=" ">
    <subfield code="a">Machine-derived non-Latin script reference project.</subfield>
  </datafield>
  <datafield tag="667" ind1=" " ind2=" ">
    <subfield code="a">Non-Latin script references not evaluated.</subfield>
  </datafield>
  <datafield tag="667" ind1=" " ind2=" ">
    <subfield code="a">Non-Latin script references reviewed in NACO CJK Funnel References Project.</subfield>
  </datafield>
  <datafield tag="670" ind1=" " ind2=" ">
    <subfield code="a">Ting chʻou chieh yü yin tsʻun, 1985:</subfield>
    <subfield code="b">p. 3 of 2nd group (Ting Fu-chih, 1879-1949; original name Jen)</subfield>
  </datafield>
  <datafield tag="670" ind1=" " ind2=" ">
    <subfield code="a">Ming jen mei hua chi, 1934:</subfield>
    <subfield code="b">t.p. (Ting Ho-lu)</subfield>
  </datafield>
  <datafield tag="670" ind1=" " ind2=" ">
    <subfield code="a">RLIN, May 27, 1997</subfield>
    <subfield code="b">(hdg.: Ting, Ho-lu, 1879- ; Ting, Ho-lu; usage: Ting Fu-chih; Ting Ho-lu; Ting Jen)</subfield>
  </datafield>
  <datafield tag="670" ind1=" " ind2=" ">
    <subfield code="a">Bai du bai ke, viewed Nov. 13, 2017</subfield>
    <subfield code="b">(original name: 仁友 = Renyou; name changed to: [丁]仁 = [Ding] Ren; Aug. 14, 1879-July 12, 1949; zi [courtesy name]: 辅之 = Fuzhi; hao [literary name]: 鹤庐 = Helu; 守寒巢主 = Shouhanchaozhu; native of Zhejiang Hangzhou; great-grandson, &quot;Baqianjuanlouzhuren&quot; Ding Songsheng; founder of Xi ling yin she)</subfield>
  </datafield>
  <datafield tag="953" ind1=" " ind2=" ">
    <subfield code="a">bl22</subfield>
    <subfield code="b">ta30</subfield>
  </datafield>
</record>