
<record>
  <leader>00936cz  a2200217n  4500</leader>
  <controlfield tag="001">217135</controlfield>
  <controlfield tag="003">DLC</controlfield>
  <controlfield tag="005">20200103014259.0</controlfield>
  <controlfield tag="008">890908n| azannaabn          |a ana      </controlfield>
  <datafield tag="010" ind1=" " ind2=" ">
    <subfield code="a">n  88193388 </subfield>
    <subfield code="z">n  91122944 </subfield>
  </datafield>
  <datafield tag="035" ind1=" " ind2=" ">
    <subfield code="a">(DLC)n  88193388</subfield>
  </datafield>
  <datafield tag="040" ind1=" " ind2=" ">
    <subfield code="a">DLC</subfield>
    <subfield code="b">eng</subfield>
    <subfield code="c">DLC</subfield>
    <subfield code="d">DLC</subfield>
    <subfield code="d">DLC-S</subfield>
    <subfield code="d">CtY</subfield>
    <subfield code="d">DLC</subfield>
    <subfield code="e">rda</subfield>
  </datafield>
  <datafield tag="110" ind1="2" ind2=" ">
    <subfield code="a">Ikatan Arsitek Indonesia</subfield>
  </datafield>
  <datafield tag="368" ind1=" " ind2=" ">
    <subfield code="a">Association</subfield>
  </datafield>
  <datafield tag="377" ind1=" " ind2=" ">
    <subfield code="a">ind</subfield>
  </datafield>
  <datafield tag="410" ind1="2" ind2=" ">
    <subfield code="a">IAI</subfield>
  </datafield>
  <datafield tag="410" ind1="2" ind2=" ">
    <subfield code="a">Indonesian Institute of Architects</subfield>
  </datafield>
  <datafield tag="670" ind1=" " ind2=" ">
    <subfield code="a">Seminar Pemugaran Perumahan Perkotaan (1987 : Jakarta, Indonesia). Hasil Seminar Pemugaran Perumahan ... 1987:</subfield>
    <subfield code="b">t.p. (Ikatan Arsitek Indonesia)</subfield>
  </datafield>
  <datafield tag="670" ind1=" " ind2=" ">
    <subfield code="a">Karya arsitektur arsitek ... Buku ke 1 (1983):</subfield>
    <subfield code="b">p. vii (Ikatan Arsitek Indonesia; IAI)</subfield>
  </datafield>
  <datafield tag="670" ind1=" " ind2=" ">
    <subfield code="a">Perkembangan arsitek sebagai profesi dan lahirnya IAI-Ikatan Arsitek Indonesia = The development of the architect as a profession and the establishment of the Indonesian Institute of Architects, 1996</subfield>
  </datafield>
  <datafield tag="953" ind1=" " ind2=" ">
    <subfield code="a">bg99</subfield>
  </datafield>
</record>