
<record>
  <leader>00559cz  a2200157n  4500</leader>
  <controlfield tag="001">269232</controlfield>
  <controlfield tag="003">DLC</controlfield>
  <controlfield tag="005">20200103171951.0</controlfield>
  <controlfield tag="008">910117n| azannaab           |n aaa      </controlfield>
  <datafield tag="010" ind1=" " ind2=" ">
    <subfield code="a">n  91005008 </subfield>
  </datafield>
  <datafield tag="035" ind1=" " ind2=" ">
    <subfield code="a">(DLC)n  91005008</subfield>
  </datafield>
  <datafield tag="040" ind1=" " ind2=" ">
    <subfield code="a">DLC</subfield>
    <subfield code="b">eng</subfield>
    <subfield code="e">rda</subfield>
    <subfield code="c">DLC</subfield>
    <subfield code="d">DLC</subfield>
  </datafield>
  <datafield tag="046" ind1=" " ind2=" ">
    <subfield code="f">1954</subfield>
    <subfield code="2">edtf</subfield>
  </datafield>
  <datafield tag="100" ind1="1" ind2=" ">
    <subfield code="a">Vittor, Luis Alberto,</subfield>
    <subfield code="d">1954-</subfield>
  </datafield>
  <datafield tag="670" ind1=" " ind2=" ">
    <subfield code="a">His Simbolismo e iniciación en la poesía de Alberto Girri, 1990:</subfield>
    <subfield code="b">t.p. (Luis Alberto Vittor) front flap (B. in Bernal, Buenos Aires Prov., 1954; estudió dibujo, grabado, pintura e historia del arte)</subfield>
  </datafield>
  <datafield tag="953" ind1=" " ind2=" ">
    <subfield code="a">bh13</subfield>
  </datafield>
</record>