
<record>
  <leader>00939cz  a2200181n  4500</leader>
  <controlfield tag="001">272035</controlfield>
  <controlfield tag="003">DLC</controlfield>
  <controlfield tag="005">20200103073151.0</controlfield>
  <controlfield tag="008">910212n| azannaabn          |n anb      </controlfield>
  <datafield tag="010" ind1=" " ind2=" ">
    <subfield code="a">n  91015148 </subfield>
  </datafield>
  <datafield tag="035" ind1=" " ind2=" ">
    <subfield code="a">(OCoLC)oca02894965</subfield>
  </datafield>
  <datafield tag="040" ind1=" " ind2=" ">
    <subfield code="a">DLC</subfield>
    <subfield code="b">eng</subfield>
    <subfield code="c">DLC</subfield>
    <subfield code="d">DLC</subfield>
    <subfield code="e">rda</subfield>
    <subfield code="d">IAhCCS</subfield>
  </datafield>
  <datafield tag="046" ind1=" " ind2=" ">
    <subfield code="s">1976</subfield>
    <subfield code="t">1995</subfield>
    <subfield code="2">edtf</subfield>
  </datafield>
  <datafield tag="110" ind1="2" ind2=" ">
    <subfield code="a">Carolco Pictures Inc.</subfield>
  </datafield>
  <datafield tag="370" ind1=" " ind2=" ">
    <subfield code="c">United States</subfield>
    <subfield code="2">naf</subfield>
  </datafield>
  <datafield tag="670" ind1=" " ind2=" ">
    <subfield code="a">The Making of Terminator 2 by Carolco Pictures Inc., c1991:</subfield>
    <subfield code="b">CIP t.p. (Carolco Pictures Inc.) book t.p. (name not given; book title changed to: The making of T2, Terminator 2)</subfield>
  </datafield>
  <datafield tag="670" ind1=" " ind2=" ">
    <subfield code="a">Wikipedia, viewed Jan. 2, 2020</subfield>
    <subfield code="b">(Carolco Pictures, Inc. was an American independent motion picture production company. 1976-1995. Film producer Alex Bafer purchased the Carolco name and logo [in 2015 and] renamed his production company Carolco Pictures, formerly known as Brick Top Productions)</subfield>
    <subfield code="u">https://en.wikipedia.org/wiki/Carolco_Pictures</subfield>
  </datafield>
  <datafield tag="953" ind1=" " ind2=" ">
    <subfield code="a">bc04</subfield>
    <subfield code="b">bt10</subfield>
  </datafield>
</record>