
<record>
  <leader>00727cz  a2200193n  4500</leader>
  <controlfield tag="001">302737</controlfield>
  <controlfield tag="003">DLC</controlfield>
  <controlfield tag="005">20200103073312.0</controlfield>
  <controlfield tag="008">921001n| azannaabn           n aaa      </controlfield>
  <datafield tag="010" ind1=" " ind2=" ">
    <subfield code="a">n  92097888 </subfield>
  </datafield>
  <datafield tag="035" ind1=" " ind2=" ">
    <subfield code="a">(OCoLC)oca03248969</subfield>
  </datafield>
  <datafield tag="040" ind1=" " ind2=" ">
    <subfield code="a">DLC</subfield>
    <subfield code="b">eng</subfield>
    <subfield code="e">rda</subfield>
    <subfield code="c">DLC</subfield>
    <subfield code="d">DLC</subfield>
    <subfield code="d">IlMpPL</subfield>
  </datafield>
  <datafield tag="046" ind1=" " ind2=" ">
    <subfield code="f">19591015</subfield>
  </datafield>
  <datafield tag="100" ind1="1" ind2=" ">
    <subfield code="a">Lagasse, Emeril</subfield>
  </datafield>
  <datafield tag="372" ind1=" " ind2=" ">
    <subfield code="a">Cookery</subfield>
    <subfield code="a">Cookbooks</subfield>
    <subfield code="2">lcsh</subfield>
  </datafield>
  <datafield tag="374" ind1=" " ind2=" ">
    <subfield code="a">Chefs</subfield>
    <subfield code="a">Celebrity chefs</subfield>
    <subfield code="a">Restaurateurs</subfield>
    <subfield code="a">Television personalities</subfield>
    <subfield code="2">lcsh</subfield>
  </datafield>
  <datafield tag="670" ind1=" " ind2=" ">
    <subfield code="a">His Emeril&apos;s new New  Orleans cooking, 1993:</subfield>
    <subfield code="b">CIP t.p. (Emeril Lagasse)</subfield>
  </datafield>
  <datafield tag="670" ind1=" " ind2=" ">
    <subfield code="a">Wikipedia, viewed Jan. 10, 2012</subfield>
    <subfield code="b">(Emeril John Lagasse; b. Oct. 15, 1959; American celebrity chef, restaurateur, television personality, and cookbook author)</subfield>
  </datafield>
  <datafield tag="953" ind1=" " ind2=" ">
    <subfield code="a">jf10</subfield>
    <subfield code="b">xh12</subfield>
  </datafield>
</record>