
<record>
  <leader>00868cz  a2200241n  4500</leader>
  <controlfield tag="001">328878</controlfield>
  <controlfield tag="003">DLC</controlfield>
  <controlfield tag="005">20200103183725.0</controlfield>
  <controlfield tag="008">940329n| azannaabn          |a aaa     c</controlfield>
  <datafield tag="010" ind1=" " ind2=" ">
    <subfield code="a">no 94010258 </subfield>
  </datafield>
  <datafield tag="035" ind1=" " ind2=" ">
    <subfield code="a">(OCoLC)oca03584213</subfield>
  </datafield>
  <datafield tag="040" ind1=" " ind2=" ">
    <subfield code="a">InU-Mu</subfield>
    <subfield code="b">eng</subfield>
    <subfield code="e">rda</subfield>
    <subfield code="c">InU-Mu</subfield>
    <subfield code="d">MoKU-MAV</subfield>
    <subfield code="d">DLC</subfield>
  </datafield>
  <datafield tag="046" ind1=" " ind2=" ">
    <subfield code="f">1840-11-22</subfield>
    <subfield code="g">1918</subfield>
    <subfield code="2">edtf</subfield>
  </datafield>
  <datafield tag="100" ind1="1" ind2=" ">
    <subfield code="a">Tenney, J. H.</subfield>
    <subfield code="q">(John Harrison),</subfield>
    <subfield code="d">1840-1918</subfield>
  </datafield>
  <datafield tag="375" ind1=" " ind2=" ">
    <subfield code="a">Men</subfield>
    <subfield code="2">lcdgt</subfield>
  </datafield>
  <datafield tag="377" ind1=" " ind2=" ">
    <subfield code="a">eng</subfield>
  </datafield>
  <datafield tag="400" ind1="1" ind2=" ">
    <subfield code="a">Tenney, John Harrison,</subfield>
    <subfield code="d">1840-1918</subfield>
  </datafield>
  <datafield tag="670" ind1=" " ind2=" ">
    <subfield code="a">Gems of gospel song, c1881:</subfield>
    <subfield code="b">t.p. (J.H. Tenney)</subfield>
  </datafield>
  <datafield tag="670" ind1=" " ind2=" ">
    <subfield code="a">The American male choir, 1885:</subfield>
    <subfield code="b">t.p. (John Harrison Tenney)</subfield>
  </datafield>
  <datafield tag="670" ind1=" " ind2=" ">
    <subfield code="a">NUC Pre-1956</subfield>
    <subfield code="b">(hdg.: Tenny, John Harrison, 1840- ; usage: J.H. Tenney)</subfield>
  </datafield>
  <datafield tag="670" ind1=" " ind2=" ">
    <subfield code="a">Cyberhymnal.org WWW site, Dec. 10, 2008:</subfield>
    <subfield code="b">Biographies (John Harrison Tenney; b. Nov. 22, 1940, Rowley, Mass.; d. 1918)</subfield>
  </datafield>
  <datafield tag="953" ind1=" " ind2=" ">
    <subfield code="a">xx00</subfield>
  </datafield>
  <datafield tag="985" ind1=" " ind2=" ">
    <subfield code="c">OCLC</subfield>
    <subfield code="e">LSPC</subfield>
  </datafield>
</record>