
<record>
  <leader>01185cz  a2200241n  4500</leader>
  <controlfield tag="001">342004</controlfield>
  <controlfield tag="003">DLC</controlfield>
  <controlfield tag="005">20200103163628.0</controlfield>
  <controlfield tag="008">940913n| azannaabn          |a aaa      </controlfield>
  <datafield tag="010" ind1=" " ind2=" ">
    <subfield code="a">n  94087878 </subfield>
  </datafield>
  <datafield tag="035" ind1=" " ind2=" ">
    <subfield code="a">(OCoLC)oca03680023</subfield>
  </datafield>
  <datafield tag="040" ind1=" " ind2=" ">
    <subfield code="a">DLC</subfield>
    <subfield code="b">eng</subfield>
    <subfield code="e">rda</subfield>
    <subfield code="c">DLC</subfield>
    <subfield code="d">OCoLC</subfield>
    <subfield code="d">UPB</subfield>
    <subfield code="d">ICU</subfield>
    <subfield code="d">DLC</subfield>
    <subfield code="d">NN</subfield>
    <subfield code="d">DLC</subfield>
  </datafield>
  <datafield tag="046" ind1=" " ind2=" ">
    <subfield code="f">1946</subfield>
    <subfield code="2">edtf</subfield>
  </datafield>
  <datafield tag="100" ind1="1" ind2=" ">
    <subfield code="a">Murray-Irizarry, Néstor</subfield>
  </datafield>
  <datafield tag="370" ind1=" " ind2=" ">
    <subfield code="a">Ponce (P.R.)</subfield>
    <subfield code="c">Puerto Rico</subfield>
    <subfield code="2">naf</subfield>
  </datafield>
  <datafield tag="373" ind1=" " ind2=" ">
    <subfield code="a">Centro de Investigaciones Folklóricas de Puerto Rico.</subfield>
    <subfield code="2">naf</subfield>
  </datafield>
  <datafield tag="374" ind1=" " ind2=" ">
    <subfield code="a">Historians</subfield>
    <subfield code="a">Authors</subfield>
    <subfield code="2">lcsh</subfield>
  </datafield>
  <datafield tag="377" ind1=" " ind2=" ">
    <subfield code="a">spa</subfield>
  </datafield>
  <datafield tag="400" ind1="1" ind2=" ">
    <subfield code="a">Irizarry, Néstor Murray-</subfield>
  </datafield>
  <datafield tag="670" ind1=" " ind2=" ">
    <subfield code="a">His Arístides Chavier, 1993:</subfield>
    <subfield code="b">t.p. (Néstor Murray-Irizarry)</subfield>
  </datafield>
  <datafield tag="670" ind1=" " ind2=" ">
    <subfield code="a">El caballo de los siete colores..., 2005:</subfield>
    <subfield code="b">front flap (b. 1946 in Puerto Rico)</subfield>
  </datafield>
  <datafield tag="670" ind1=" " ind2=" ">
    <subfield code="a">His Elogio a la guitarra, 2014:</subfield>
    <subfield code="b">t.p. (Néstor Murray Irizarry; b. 1946, section of Ponce known as Bélgica)</subfield>
  </datafield>
  <datafield tag="670" ind1=" " ind2=" ">
    <subfield code="a">Riverdale Press Website, Feb. 26, 2019</subfield>
    <subfield code="b">(Néstor Murray-Irizarry, historian and founder of Casa Paoli Centro de Investigaciones Folklóricas de Puerto Rico, a research and cultural center in Ponce, Puerto Rico)</subfield>
    <subfield code="u">http://www.riverdalepress.com/stories/puerto-ricos-sung-newspaper-the-plena,66508</subfield>
  </datafield>
</record>