
<record>
  <leader>01555cz  a2200337n  4500</leader>
  <controlfield tag="001">374362</controlfield>
  <controlfield tag="003">DLC</controlfield>
  <controlfield tag="005">20200103073250.0</controlfield>
  <controlfield tag="008">960528n| azannaabn          |n aaa     c</controlfield>
  <datafield tag="010" ind1=" " ind2=" ">
    <subfield code="a">nb 96023518 </subfield>
    <subfield code="z">no2008036226</subfield>
  </datafield>
  <datafield tag="016" ind1=" " ind2=" ">
    <subfield code="a">0061E4020E</subfield>
  </datafield>
  <datafield tag="035" ind1=" " ind2=" ">
    <subfield code="a">(OCoLC)oca04356266</subfield>
  </datafield>
  <datafield tag="040" ind1=" " ind2=" ">
    <subfield code="a">Uk</subfield>
    <subfield code="b">eng</subfield>
    <subfield code="e">rda</subfield>
    <subfield code="c">Uk</subfield>
    <subfield code="d">DLC</subfield>
    <subfield code="d">Uk</subfield>
    <subfield code="d">ICrlF</subfield>
    <subfield code="d">CaOONL</subfield>
    <subfield code="d">WU</subfield>
    <subfield code="d">CaOONL</subfield>
  </datafield>
  <datafield tag="042" ind1=" " ind2=" ">
    <subfield code="a">nlc</subfield>
  </datafield>
  <datafield tag="046" ind1=" " ind2=" ">
    <subfield code="f">1957-12-12</subfield>
    <subfield code="2">edtf</subfield>
  </datafield>
  <datafield tag="053" ind1=" " ind2="0">
    <subfield code="a">PQ3919.2.L42</subfield>
  </datafield>
  <datafield tag="053" ind1=" " ind2="4">
    <subfield code="a">PS8573.E635</subfield>
    <subfield code="5">CaOONL</subfield>
  </datafield>
  <datafield tag="100" ind1="1" ind2=" ">
    <subfield code="a">Lepage, Robert,</subfield>
    <subfield code="d">1957-</subfield>
  </datafield>
  <datafield tag="370" ind1=" " ind2=" ">
    <subfield code="a">Québec (Québec)</subfield>
    <subfield code="c">Canada</subfield>
    <subfield code="2">naf</subfield>
  </datafield>
  <datafield tag="372" ind1=" " ind2=" ">
    <subfield code="a">Acting</subfield>
    <subfield code="a">Playwriting</subfield>
    <subfield code="a">Theater</subfield>
    <subfield code="a">Motion pictures--Production and direction</subfield>
    <subfield code="a">Theater--Production and direction</subfield>
    <subfield code="2">lcsh</subfield>
  </datafield>
  <datafield tag="374" ind1=" " ind2=" ">
    <subfield code="a">Actors</subfield>
    <subfield code="a">Dramatists</subfield>
    <subfield code="a">Motion picture producers and directors</subfield>
    <subfield code="a">Theatrical producers and directors</subfield>
    <subfield code="2">lcsh</subfield>
  </datafield>
  <datafield tag="375" ind1=" " ind2=" ">
    <subfield code="a">Males</subfield>
    <subfield code="2">lcdgt</subfield>
  </datafield>
  <datafield tag="377" ind1=" " ind2=" ">
    <subfield code="a">fre</subfield>
    <subfield code="a">eng</subfield>
  </datafield>
  <datafield tag="667" ind1=" " ind2=" ">
    <subfield code="a">Not the same as Lepage, Robert Marcel, 1951- (n96116146)</subfield>
  </datafield>
  <datafield tag="670" ind1=" " ind2=" ">
    <subfield code="a">Polygraph, 1997:</subfield>
    <subfield code="b">t.p. (Robert Lepage) p.i (Actor, writer, director)</subfield>
  </datafield>
  <datafield tag="670" ind1=" " ind2=" ">
    <subfield code="a">Robert Lepage, 1998:</subfield>
    <subfield code="b">Can CIP (Lepage, Robert, 1957-)</subfield>
  </datafield>
  <datafield tag="670" ind1=" " ind2=" ">
    <subfield code="a">Robert Lepage article in Wikipedia, Feb. 27, 2012:</subfield>
    <subfield code="b">(Robert Lepage; b. Dec. 12, 1957; playwright, actor, film director, stage director from Quebec City; director of 1984; author of The blue dragon; creator of Polygraph)</subfield>
  </datafield>
  <datafield tag="670" ind1=" " ind2=" ">
    <subfield code="a">887, 2018:</subfield>
    <subfield code="b">CIP title page (Robert Lepage) LAC CIP application (born December 12, 1957; Canadian)</subfield>
  </datafield>
  <datafield tag="670" ind1=" " ind2=" ">
    <subfield code="a">LAC internal file, March 14, 2019</subfield>
    <subfield code="b">(heading: Lepage, Robert, 1957-; born in Québec)</subfield>
  </datafield>
  <datafield tag="953" ind1=" " ind2=" ">
    <subfield code="a">xx00</subfield>
    <subfield code="b">xc13</subfield>
  </datafield>
  <datafield tag="985" ind1=" " ind2=" ">
    <subfield code="c">BL</subfield>
    <subfield code="e">LSPC</subfield>
  </datafield>
</record>