
<record>
  <leader>01131cz  a2200241n  4500</leader>
  <controlfield tag="001">383012</controlfield>
  <controlfield tag="003">DLC</controlfield>
  <controlfield tag="005">20200103073306.0</controlfield>
  <controlfield tag="008">961106n| azannaabn          |a ana     c</controlfield>
  <datafield tag="010" ind1=" " ind2=" ">
    <subfield code="a">no 96058078 </subfield>
  </datafield>
  <datafield tag="035" ind1=" " ind2=" ">
    <subfield code="a">(OCoLC)oca04201125</subfield>
  </datafield>
  <datafield tag="040" ind1=" " ind2=" ">
    <subfield code="a">InU</subfield>
    <subfield code="b">eng</subfield>
    <subfield code="e">rda</subfield>
    <subfield code="c">InU</subfield>
    <subfield code="d">DLC</subfield>
    <subfield code="d">InU</subfield>
  </datafield>
  <datafield tag="046" ind1=" " ind2=" ">
    <subfield code="s">2000</subfield>
    <subfield code="2">edtf</subfield>
  </datafield>
  <datafield tag="111" ind1="2" ind2=" ">
    <subfield code="a">Central Eurasian Studies Conference</subfield>
  </datafield>
  <datafield tag="368" ind1=" " ind2=" ">
    <subfield code="a">Congresses and conventions</subfield>
    <subfield code="2">lcsh</subfield>
  </datafield>
  <datafield tag="411" ind1="2" ind2=" ">
    <subfield code="a">Annual Central Eurasian Studies Conference</subfield>
  </datafield>
  <datafield tag="411" ind1="2" ind2=" ">
    <subfield code="a">Central Eurasian Studies Society Conference</subfield>
  </datafield>
  <datafield tag="410" ind1="2" ind2=" ">
    <subfield code="a">Central Eurasian Studies Society.</subfield>
    <subfield code="b">Conference</subfield>
  </datafield>
  <datafield tag="667" ind1=" " ind2=" ">
    <subfield code="a">Not to be confused with: Annual Central Eurasian Studies Conference (Indiana University, Bloomington)</subfield>
  </datafield>
  <datafield tag="670" ind1=" " ind2=" ">
    <subfield code="a">Material culture, language and religion of Central and Inner Asia, 2013:</subfield>
    <subfield code="b">t.p. (Central Eurasian Studies Society Conference; held October 2009)</subfield>
  </datafield>
  <datafield tag="670" ind1=" " ind2=" ">
    <subfield code="a">Central Eurasian Studies Society website, July 24, 2018</subfield>
    <subfield code="b">(Central Eurasian Studies Society has held an annual conference hosted by universities across North America since 2000, which was held at University of Wisconsin-Madison)</subfield>
  </datafield>
  <datafield tag="953" ind1=" " ind2=" ">
    <subfield code="a">xx00</subfield>
  </datafield>
  <datafield tag="985" ind1=" " ind2=" ">
    <subfield code="c">OCLC</subfield>
    <subfield code="e">LSPC</subfield>
  </datafield>
</record>