
<record>
  <leader>00474cz  a2200145n  4500</leader>
  <controlfield tag="001">462496</controlfield>
  <controlfield tag="003">DLC</controlfield>
  <controlfield tag="005">20200103154539.0</controlfield>
  <controlfield tag="008">990526n| azannaabn          |a aaa      </controlfield>
  <datafield tag="010" ind1=" " ind2=" ">
    <subfield code="a">n  99039148 </subfield>
  </datafield>
  <datafield tag="035" ind1=" " ind2=" ">
    <subfield code="a">(DLC)n  99039148</subfield>
  </datafield>
  <datafield tag="040" ind1=" " ind2=" ">
    <subfield code="a">DLC</subfield>
    <subfield code="b">eng</subfield>
    <subfield code="e">rda</subfield>
    <subfield code="c">DLC</subfield>
    <subfield code="d">DLC</subfield>
  </datafield>
  <datafield tag="100" ind1="1" ind2=" ">
    <subfield code="a">Kozint︠s︡ev, Grigoriĭ.</subfield>
    <subfield code="t">Correspondence.</subfield>
    <subfield code="k">Selections</subfield>
  </datafield>
  <datafield tag="400" ind1="1" ind2=" ">
    <subfield code="a">Kozint︠s︡ev, Grigoriĭ.</subfield>
    <subfield code="t">Perepiska G.M. Kozint︠s︡eva, 1922-1973</subfield>
  </datafield>
  <datafield tag="670" ind1=" " ind2=" ">
    <subfield code="a">Perepiska G.M. Kozint︠s︡eva, 1922-1973, 1998.</subfield>
  </datafield>
</record>