
<record>
  <leader>02771cz  a2200253n  4500</leader>
  <controlfield tag="001">473240</controlfield>
  <controlfield tag="003">DLC</controlfield>
  <controlfield tag="005">20200103073432.0</controlfield>
  <controlfield tag="008">800930n| azannaabn          |a aaa      </controlfield>
  <datafield tag="010" ind1=" " ind2=" ">
    <subfield code="a">n  50046925 </subfield>
  </datafield>
  <datafield tag="035" ind1=" " ind2=" ">
    <subfield code="a">(OCoLC)oca00082057</subfield>
  </datafield>
  <datafield tag="040" ind1=" " ind2=" ">
    <subfield code="a">DLC</subfield>
    <subfield code="b">eng</subfield>
    <subfield code="e">rda</subfield>
    <subfield code="c">DLC</subfield>
    <subfield code="d">OU</subfield>
  </datafield>
  <datafield tag="046" ind1=" " ind2=" ">
    <subfield code="f">1903-06-26</subfield>
    <subfield code="g">1988-04-26</subfield>
    <subfield code="2">edtf</subfield>
  </datafield>
  <datafield tag="100" ind1="1" ind2=" ">
    <subfield code="a">Ulmer, Eugen,</subfield>
    <subfield code="d">1903-1988</subfield>
  </datafield>
  <datafield tag="370" ind1=" " ind2=" ">
    <subfield code="a">Stuttgart (Germany)</subfield>
    <subfield code="b">Heidelberg (Germany)</subfield>
    <subfield code="2">naf</subfield>
  </datafield>
  <datafield tag="374" ind1=" " ind2=" ">
    <subfield code="a">Lawyers</subfield>
    <subfield code="a">Politicians</subfield>
    <subfield code="a">College teachers</subfield>
    <subfield code="2">lcsh</subfield>
  </datafield>
  <datafield tag="375" ind1=" " ind2=" ">
    <subfield code="a">Males</subfield>
    <subfield code="2">lcdgt</subfield>
  </datafield>
  <datafield tag="378" ind1=" " ind2=" ">
    <subfield code="q">Eugen Richard Karl</subfield>
  </datafield>
  <datafield tag="400" ind1="1" ind2=" ">
    <subfield code="a">Ulmer, Eugen Richard Karl,</subfield>
    <subfield code="d">1903-1988</subfield>
  </datafield>
  <datafield tag="667" ind1=" " ind2=" ">
    <subfield code="a">Not identified with Ulmer, Eugen, pseud.</subfield>
  </datafield>
  <datafield tag="670" ind1=" " ind2=" ">
    <subfield code="a">Urheber- und Verlagsrecht, 1960:</subfield>
    <subfield code="b">title page (Eugen Ulmer)</subfield>
  </datafield>
  <datafield tag="670" ind1=" " ind2=" ">
    <subfield code="a">Wikidata via Wikipedia, January 2, 2020</subfield>
    <subfield code="b">(alias: Eugen Richard Karl Ulmer, Eugen Ulmer; sex or gender: male; LCAuth identifier: n50046925; GND identifier: 118763555; place of birth: Stuttgart; place of death: Heidelberg; country of citizenship: Germany; instance of: human; award received: Bavarian Order of Merit, Knight Commander&apos;s Cross of the Order of Merit of the Federal Republic of Germany, Bavarian Maximilian Order for Science and Art; date of birth: +1903-06-26T00:00:00Z; date of death: +1988-04-26T00:00:00Z; occupation: politician, university teacher; employer: Heidelberg University, University of Rostock; given name: Eugen; position held: Member of the Bavarian Senate; member of: Heidelberg Academy for Sciences and Humanities, Heidelberg Academy for Sciences and Humanities, Bavarian Academy of Sciences and Humanities; NTA identifier (Netherlands): 069437181; Munzinger IBA: 00000006298; doctoral student: Nikolaos Rokas; Heidelberg Academy for Sciences and Humanities member ID (P2273): 616; Catalogus Professorum Rostochiensium ID (P2940): 00003438; work location: Heidelberg; BIBSYS identifier: 90336519; BAV (Vatican Library) identifier: ADV11185693; NUKAT authorities: n99016074; ISNI (P213): 0000000381454241; BnF identifier: 12277197d; languages spoken or published: German; FAST-ID: 16112; SHARE Catalogue author ID (P3987): 228605; described by source: Heidelberg Scholar Lexicon 1803-1932; father: Richard Ulmer; child: Peter Ulmer; surname: Ulmer; SUDOC authorities: 03158618X; VIAF identifier: 261167617; NKC identifier: mzk2014820994; description/label: deutscher Rechtswissenschaftler, ditsche Bolitiker, dlí-eolaí Gearmánach, Duits politicus , Duitse politikus, düütsch Politiker, German jurist, jurist german, jurist gjerman, jurista alemán, jurista alemany, juriste allemand, politico alemán, professor académico alemão, Saksamaa jurist, tysk politikar, tysk politiker, xurista alemán, משפטן גרמני)</subfield>
    <subfield code="u">http://www.wikidata.org/entity/Q1372935</subfield>
  </datafield>
  <datafield tag="952" ind1=" " ind2=" ">
    <subfield code="a">RETRO</subfield>
  </datafield>
  <datafield tag="953" ind1=" " ind2=" ">
    <subfield code="a">xx00</subfield>
  </datafield>
</record>