
<record>
  <leader>01426cz  a2200349n  4500</leader>
  <controlfield tag="001">481981</controlfield>
  <controlfield tag="003">DLC</controlfield>
  <controlfield tag="005">20200103073240.0</controlfield>
  <controlfield tag="008">780623nc azannaabn          |b aaa      </controlfield>
  <datafield tag="010" ind1=" " ind2=" ">
    <subfield code="a">n  78035425 </subfield>
  </datafield>
  <datafield tag="035" ind1=" " ind2=" ">
    <subfield code="a">(OCoLC)oca00171594</subfield>
  </datafield>
  <datafield tag="040" ind1=" " ind2=" ">
    <subfield code="a">DLC</subfield>
    <subfield code="b">eng</subfield>
    <subfield code="e">rda</subfield>
    <subfield code="c">DLC</subfield>
    <subfield code="d">OCoLC</subfield>
    <subfield code="d">SG-SiILA</subfield>
    <subfield code="d">DLC</subfield>
    <subfield code="d">SG-SiILA</subfield>
    <subfield code="d">DLC</subfield>
    <subfield code="d">SG-SiILA</subfield>
    <subfield code="d">OCl</subfield>
  </datafield>
  <datafield tag="046" ind1=" " ind2=" ">
    <subfield code="f">19500515</subfield>
  </datafield>
  <datafield tag="100" ind1="1" ind2=" ">
    <subfield code="a">Huang, Hanxiong</subfield>
  </datafield>
  <datafield tag="370" ind1=" " ind2=" ">
    <subfield code="a">Tanjungpinang, Indonesia</subfield>
    <subfield code="c">Singapore</subfield>
  </datafield>
  <datafield tag="374" ind1=" " ind2=" ">
    <subfield code="a">Authors, Chinese</subfield>
    <subfield code="a">Authors, Singaporean</subfield>
    <subfield code="2">lcsh</subfield>
  </datafield>
  <datafield tag="375" ind1=" " ind2=" ">
    <subfield code="a">male</subfield>
  </datafield>
  <datafield tag="377" ind1=" " ind2=" ">
    <subfield code="a">chi</subfield>
  </datafield>
  <datafield tag="400" ind1="1" ind2=" ">
    <subfield code="a">Huang, Han-hsiung</subfield>
  </datafield>
  <datafield tag="400" ind1="1" ind2=" ">
    <subfield code="a">黄汉雄</subfield>
  </datafield>
  <datafield tag="400" ind1="1" ind2=" ">
    <subfield code="a">Huang, Rusong</subfield>
  </datafield>
  <datafield tag="400" ind1="1" ind2=" ">
    <subfield code="a">黄如松</subfield>
  </datafield>
  <datafield tag="400" ind1="1" ind2=" ">
    <subfield code="a">Gaosong, Wuxiong</subfield>
  </datafield>
  <datafield tag="400" ind1="1" ind2=" ">
    <subfield code="a">高松武雄</subfield>
  </datafield>
  <datafield tag="400" ind1="0" ind2=" ">
    <subfield code="a">Hanren</subfield>
  </datafield>
  <datafield tag="400" ind1="0" ind2=" ">
    <subfield code="a">汉人</subfield>
  </datafield>
  <datafield tag="667" ind1=" " ind2=" ">
    <subfield code="a">Machine-derived non-Latin script reference project.</subfield>
  </datafield>
  <datafield tag="667" ind1=" " ind2=" ">
    <subfield code="a">Non-Latin script references not evaluated.</subfield>
  </datafield>
  <datafield tag="667" ind1=" " ind2=" ">
    <subfield code="a">Non-Latin script references reviewed in NACO CJK Funnel Reference Project.</subfield>
  </datafield>
  <datafield tag="670" ind1=" " ind2=" ">
    <subfield code="a">His Chi sui kʻu men ... 1976:</subfield>
    <subfield code="b">t.p. (Huang Han-hsiung)</subfield>
  </datafield>
  <datafield tag="670" ind1=" " ind2=" ">
    <subfield code="a">Xinjiapo Hua wen zuo jia zhuan lue, 2005:</subfield>
    <subfield code="b">p. 145 (real name: 黄汉雄 = Huang Hanxiong, 黄如松 = Huang Rusong, 高松武雄 = Gaosong Wuxiong, pen names: 汉人 =  Hanren, 林边客 = Lin Bianke, 伍小倩 = Wu Xiaoqian, 华盖 =  Hua Gai, 夏冰 = Xia Bing, 花雨 =  Huayu, 松岩 = Songyan; b. May 15, 1950 in Tanjung Pinang, Indonesia; Singapore citizen)</subfield>
  </datafield>
  <datafield tag="953" ind1=" " ind2=" ">
    <subfield code="a">bl05</subfield>
    <subfield code="b">td03</subfield>
  </datafield>
</record>