
<record>
  <leader>01244cz  a2200253n  4500</leader>
  <controlfield tag="001">482787</controlfield>
  <controlfield tag="003">DLC</controlfield>
  <controlfield tag="005">20200103073240.0</controlfield>
  <controlfield tag="008">780714n| azannaabn          |a aaa      </controlfield>
  <datafield tag="010" ind1=" " ind2=" ">
    <subfield code="a">n  78043785 </subfield>
  </datafield>
  <datafield tag="035" ind1=" " ind2=" ">
    <subfield code="a">(OCoLC)oca00179704</subfield>
  </datafield>
  <datafield tag="040" ind1=" " ind2=" ">
    <subfield code="a">DLC</subfield>
    <subfield code="b">eng</subfield>
    <subfield code="e">rda</subfield>
    <subfield code="c">DLC</subfield>
    <subfield code="d">DLC</subfield>
    <subfield code="d">OCoLC</subfield>
    <subfield code="d">MH</subfield>
  </datafield>
  <datafield tag="046" ind1=" " ind2=" ">
    <subfield code="f">1924-02-09</subfield>
    <subfield code="g">2015-11-01</subfield>
    <subfield code="2">edtf</subfield>
  </datafield>
  <datafield tag="100" ind1="1" ind2=" ">
    <subfield code="a">Anderson, George Watkins,</subfield>
    <subfield code="c">Jr.,</subfield>
    <subfield code="d">1924-2015</subfield>
  </datafield>
  <datafield tag="374" ind1=" " ind2=" ">
    <subfield code="a">Physicists</subfield>
    <subfield code="a">Genealogists</subfield>
    <subfield code="2">lcdgt</subfield>
  </datafield>
  <datafield tag="400" ind1="1" ind2=" ">
    <subfield code="w">nne</subfield>
    <subfield code="a">Anderson, George Watkins</subfield>
  </datafield>
  <datafield tag="400" ind1="1" ind2=" ">
    <subfield code="w">nne</subfield>
    <subfield code="a">Anderson, George</subfield>
  </datafield>
  <datafield tag="670" ind1=" " ind2=" ">
    <subfield code="a">His Our Anderson and Martinson ... 1978:</subfield>
    <subfield code="b">t.p. (George Watkins Anderson, Jr.)</subfield>
  </datafield>
  <datafield tag="670" ind1=" " ind2=" ">
    <subfield code="a">His Ancestors and descendants of George ... c1987:</subfield>
    <subfield code="b">t.p. (George Watkins Anderson, Jr.; Pleasanton, Calif.)</subfield>
  </datafield>
  <datafield tag="670" ind1=" " ind2=" ">
    <subfield code="a">Legacy.com website, viewed 20 Dec. 2019</subfield>
    <subfield code="b">(George Watkins Anderson Jr., Feb. 9, 1924-Nov. 1, 2015, Pleasonton, CA;  wife: Harriet; Ph.D. in physics from U. of Minn.; worked over 30 years at Sandia Corp. as nuclear physicist; passion: genealogy)</subfield>
  </datafield>
  <datafield tag="670" ind1=" " ind2=" ">
    <subfield code="a">Cemeteries of Pleasanton and Dublin, California, 1990:</subfield>
    <subfield code="b">t.p. (George Anderson)</subfield>
  </datafield>
  <datafield tag="670" ind1=" " ind2=" ">
    <subfield code="a">OCLC, 20 Dec. 2019</subfield>
    <subfield code="b">(usage: George Watkins Anderson, Jr.; George W. Anderson, Jr.)</subfield>
  </datafield>
  <datafield tag="675" ind1=" " ind2=" ">
    <subfield code="a">U.S. copyright file, July 30, 1999</subfield>
  </datafield>
  <datafield tag="953" ind1=" " ind2=" ">
    <subfield code="a">bb11</subfield>
    <subfield code="b">bc09</subfield>
  </datafield>
</record>