
<record>
  <leader>00696cz  a2200169n  4500</leader>
  <controlfield tag="001">504162</controlfield>
  <controlfield tag="003">DLC</controlfield>
  <controlfield tag="005">20200103112308.0</controlfield>
  <controlfield tag="008">800304n| azannaabn          |n aaa      </controlfield>
  <datafield tag="010" ind1=" " ind2=" ">
    <subfield code="a">n  80015945 </subfield>
  </datafield>
  <datafield tag="035" ind1=" " ind2=" ">
    <subfield code="a">(OCoLC)oca00398380</subfield>
  </datafield>
  <datafield tag="040" ind1=" " ind2=" ">
    <subfield code="a">DLC</subfield>
    <subfield code="b">eng</subfield>
    <subfield code="e">rda</subfield>
    <subfield code="c">DLC</subfield>
    <subfield code="d">OCoLC</subfield>
    <subfield code="d">DLC</subfield>
  </datafield>
  <datafield tag="053" ind1=" " ind2="0">
    <subfield code="a">PS3607.R56824</subfield>
  </datafield>
  <datafield tag="100" ind1="1" ind2=" ">
    <subfield code="a">Grinell, Sheila</subfield>
  </datafield>
  <datafield tag="670" ind1=" " ind2=" ">
    <subfield code="a">A Stage for science, c1979 (a.e.)</subfield>
    <subfield code="b">t.p. (Sheila Grinell)</subfield>
  </datafield>
  <datafield tag="670" ind1=" " ind2=" ">
    <subfield code="a">The contract, 2019:</subfield>
    <subfield code="b">t.p. (Sheila Grinell) page 279 (spent forty years developing science centers in the US and consulting on museum projects around the world; turned to literature in her sixties, publishing a debut novel, Appetite; born in Manhattan; lives in Phoenix)</subfield>
  </datafield>
  <datafield tag="953" ind1=" " ind2=" ">
    <subfield code="a">be16</subfield>
  </datafield>
</record>