
<record>
  <leader>02613cz  a2200301n  4500</leader>
  <controlfield tag="001">515409</controlfield>
  <controlfield tag="003">DLC</controlfield>
  <controlfield tag="005">20200103073222.0</controlfield>
  <controlfield tag="008">801103n| azannaabn          |a aaa      </controlfield>
  <datafield tag="010" ind1=" " ind2=" ">
    <subfield code="a">n  80133285 </subfield>
  </datafield>
  <datafield tag="035" ind1=" " ind2=" ">
    <subfield code="a">(OCoLC)oca00513633</subfield>
  </datafield>
  <datafield tag="040" ind1=" " ind2=" ">
    <subfield code="a">DLC</subfield>
    <subfield code="b">eng</subfield>
    <subfield code="e">rda</subfield>
    <subfield code="c">DLC</subfield>
    <subfield code="d">ICU</subfield>
    <subfield code="d">DNLM</subfield>
    <subfield code="d">OU</subfield>
  </datafield>
  <datafield tag="046" ind1=" " ind2=" ">
    <subfield code="f">1906-01-27</subfield>
    <subfield code="g">1978-06-20</subfield>
    <subfield code="2">edtf</subfield>
  </datafield>
  <datafield tag="100" ind1="1" ind2=" ">
    <subfield code="a">Bargmann, W.</subfield>
    <subfield code="q">(Wolfgang),</subfield>
    <subfield code="d">1906-1978</subfield>
  </datafield>
  <datafield tag="370" ind1=" " ind2=" ">
    <subfield code="a">Nuremberg (Germany)</subfield>
    <subfield code="b">Kiel (Germany)</subfield>
    <subfield code="f">Kiel (Germany)</subfield>
    <subfield code="2">naf</subfield>
  </datafield>
  <datafield tag="373" ind1=" " ind2=" ">
    <subfield code="a">Universität Kiel</subfield>
    <subfield code="2">naf</subfield>
  </datafield>
  <datafield tag="374" ind1=" " ind2=" ">
    <subfield code="a">Anatomists</subfield>
    <subfield code="a">Histologists</subfield>
    <subfield code="a">College teachers</subfield>
    <subfield code="2">lcsh</subfield>
  </datafield>
  <datafield tag="375" ind1=" " ind2=" ">
    <subfield code="a">Males</subfield>
    <subfield code="2">lcdgt</subfield>
  </datafield>
  <datafield tag="378" ind1=" " ind2=" ">
    <subfield code="q">Wolfgang Friedrich Wilhelm</subfield>
  </datafield>
  <datafield tag="400" ind1="1" ind2=" ">
    <subfield code="w">nnaa</subfield>
    <subfield code="a">Bargmann, Wolfgang,</subfield>
    <subfield code="d">1906-</subfield>
  </datafield>
  <datafield tag="400" ind1="1" ind2=" ">
    <subfield code="a">Bargmann, Wolfgang,</subfield>
    <subfield code="d">1906-1978</subfield>
  </datafield>
  <datafield tag="400" ind1="1" ind2=" ">
    <subfield code="a">Bargmann, Wolfgang Friedrich Wilhelm,</subfield>
    <subfield code="d">1906-1978</subfield>
  </datafield>
  <datafield tag="670" ind1=" " ind2=" ">
    <subfield code="a">His Histologie und mikroskopische Anatomie, 1948-</subfield>
  </datafield>
  <datafield tag="670" ind1=" " ind2=" ">
    <subfield code="a">LCCN 49-29506: His Histologie und mikroskopische Anatomie des Menschen, 1948-51</subfield>
    <subfield code="b">(hdg.: Bargmann, Wolfgang, 1906- )</subfield>
  </datafield>
  <datafield tag="670" ind1=" " ind2=" ">
    <subfield code="a">Topics in basic neurology, 1964:</subfield>
    <subfield code="b">t.p. (W. Bargmann, Anatomisches Institut der Universität Kiel, Kiel (Deutschland))</subfield>
  </datafield>
  <datafield tag="670" ind1=" " ind2=" ">
    <subfield code="a">Wikidata via Wikipedia, January 2, 2020</subfield>
    <subfield code="b">(alias: Wolfgang Bargmann; sex or gender: male; VIAF identifier: 110357420; GND identifier: 117767093; place of birth: Nuremberg; place of death: Kiel; country of citizenship: Germany; instance of: human; member of: German Academy of Sciences Leopoldina, Royal Netherlands Academy of Arts and Sciences; CANTIC: a11192902; date of birth: +1906-01-27T00:00:00Z; date of death: +1978-06-20T00:00:00Z; employer: University of Kiel, University of Göttingen; given name: Wolfgang; NTA identifier (Netherlands): 068165293; occupation: histologist, anatomist, university teacher; LCAuth identifier: n80133285; National Library of Greece ID (P3348): 258387; KNAW past member ID (P2454): PE00000722; award received: Schleiden Medal, Commander&apos;s Cross of the Order of Merit of the Federal Republic of Germany; Commons category: Wolfgang Bargmann; surname: Bargmann; ISNI (P213): 0000000108600105; languages spoken or published: German; FAST-ID: 62363; Angelicum author ID (P5731): 82438; SUDOC authorities: 032623666; BnF identifier: 12361827p; NKC identifier: nlk20030130706; University of Barcelona authority ID: a1256652; ArhivX LOD (P5821): 73692; Brockhaus Enzyklop\u00e4die online ID (P5019): bargmann-wolfgang-ludwig; description/label: deutscher Anatom und Histologe, Duits histoloog , German histologist and anatomist, professor académico alemão, tysk professor)</subfield>
    <subfield code="u">http://www.wikidata.org/entity/Q1423081</subfield>
  </datafield>
  <datafield tag="952" ind1=" " ind2=" ">
    <subfield code="a">RETRO</subfield>
  </datafield>
  <datafield tag="953" ind1=" " ind2=" ">
    <subfield code="a">xx00</subfield>
    <subfield code="b">bp48</subfield>
  </datafield>
</record>