
<record>
  <leader>00704cz  a2200217n  4500</leader>
  <controlfield tag="001">517880</controlfield>
  <controlfield tag="003">DLC</controlfield>
  <controlfield tag="005">20200103155641.0</controlfield>
  <controlfield tag="008">801209n| azannaabn          |n aaa      </controlfield>
  <datafield tag="010" ind1=" " ind2=" ">
    <subfield code="a">n  80159295 </subfield>
    <subfield code="z">n  82235673 </subfield>
  </datafield>
  <datafield tag="035" ind1=" " ind2=" ">
    <subfield code="a">(OCoLC)oca00539160</subfield>
  </datafield>
  <datafield tag="040" ind1=" " ind2=" ">
    <subfield code="a">DLC</subfield>
    <subfield code="b">eng</subfield>
    <subfield code="e">rda</subfield>
    <subfield code="c">DLC</subfield>
    <subfield code="d">DLC</subfield>
    <subfield code="d">OClW</subfield>
    <subfield code="d">OCU-Mu</subfield>
    <subfield code="d">UPB</subfield>
    <subfield code="d">IEN-Mu</subfield>
    <subfield code="d">DLC</subfield>
  </datafield>
  <datafield tag="046" ind1=" " ind2=" ">
    <subfield code="f">1927-06-09</subfield>
    <subfield code="g">2000-08-17</subfield>
    <subfield code="2">edtf</subfield>
  </datafield>
  <datafield tag="100" ind1="1" ind2=" ">
    <subfield code="a">Donatoni, Franco,</subfield>
    <subfield code="d">1927-2000</subfield>
  </datafield>
  <datafield tag="370" ind1=" " ind2=" ">
    <subfield code="c">Italy</subfield>
  </datafield>
  <datafield tag="372" ind1=" " ind2=" ">
    <subfield code="a">Music</subfield>
  </datafield>
  <datafield tag="374" ind1=" " ind2=" ">
    <subfield code="a">Composer</subfield>
  </datafield>
  <datafield tag="670" ind1=" " ind2=" ">
    <subfield code="a">His Sinfonia per orchestra d&apos;archi</subfield>
  </datafield>
  <datafield tag="670" ind1=" " ind2=" ">
    <subfield code="a">Guardian unlimited (online), Aug. 22, 2000:</subfield>
    <subfield code="b">Aug. 22, 2000 issue (Franco Donatoni; Italian composer; b. June 9, 1927; d. Aug. 17, 2000)</subfield>
  </datafield>
  <datafield tag="952" ind1=" " ind2=" ">
    <subfield code="a">RETRO</subfield>
  </datafield>
  <datafield tag="953" ind1=" " ind2=" ">
    <subfield code="a">xx00</subfield>
    <subfield code="b">vl25</subfield>
  </datafield>
</record>