
<record>
  <leader>00922cz  a2200229n  4500</leader>
  <controlfield tag="001">530611</controlfield>
  <controlfield tag="003">DLC</controlfield>
  <controlfield tag="005">20200103073432.0</controlfield>
  <controlfield tag="008">811102n| azannaabn          |n aaa      </controlfield>
  <datafield tag="010" ind1=" " ind2=" ">
    <subfield code="a">n  81123315 </subfield>
  </datafield>
  <datafield tag="035" ind1=" " ind2=" ">
    <subfield code="a">(OCoLC)oca00668254</subfield>
  </datafield>
  <datafield tag="040" ind1=" " ind2=" ">
    <subfield code="a">DLC</subfield>
    <subfield code="b">eng</subfield>
    <subfield code="e">rda</subfield>
    <subfield code="c">DLC</subfield>
    <subfield code="d">ICU</subfield>
  </datafield>
  <datafield tag="046" ind1=" " ind2=" ">
    <subfield code="f">1920-02-24</subfield>
    <subfield code="g">2007-04-22</subfield>
    <subfield code="2">edtf</subfield>
  </datafield>
  <datafield tag="100" ind1="1" ind2=" ">
    <subfield code="a">Zakrzewski, Jan,</subfield>
    <subfield code="d">1920-</subfield>
  </datafield>
  <datafield tag="370" ind1=" " ind2=" ">
    <subfield code="a">Skierniewice (Poland)</subfield>
    <subfield code="b">Warsaw (Poland)</subfield>
    <subfield code="2">naf</subfield>
  </datafield>
  <datafield tag="374" ind1=" " ind2=" ">
    <subfield code="a">Journalists</subfield>
    <subfield code="a">Translators</subfield>
    <subfield code="2">lcsh</subfield>
  </datafield>
  <datafield tag="375" ind1=" " ind2=" ">
    <subfield code="a">Males</subfield>
    <subfield code="2">lcdgt</subfield>
  </datafield>
  <datafield tag="377" ind1=" " ind2=" ">
    <subfield code="a">pol</subfield>
  </datafield>
  <datafield tag="378" ind1=" " ind2=" ">
    <subfield code="q">Jan Andrzej</subfield>
  </datafield>
  <datafield tag="670" ind1=" " ind2=" ">
    <subfield code="a">His Ameryka z pasją, 1981:</subfield>
    <subfield code="b">t.p. (Jan Zakrzewski) cover p. 4 (b. 1920)</subfield>
  </datafield>
  <datafield tag="670" ind1=" " ind2=" ">
    <subfield code="a">Wikipedia, wolna encyklopedia, January 1, 2020:</subfield>
    <subfield code="b">Jan Zakrzewski [dziennikarz] page (Jan Andrzej Zakrzewski; born 24 February 1920 in Skierniewice; died 22 April 2007 in Warsaw; Polish journalist, writer, and translator)</subfield>
    <subfield code="u">https://pl.wikipedia.org/wiki/Jan_Zakrzewski_(dziennikarz)</subfield>
  </datafield>
  <datafield tag="953" ind1=" " ind2=" ">
    <subfield code="a">ee33</subfield>
  </datafield>
</record>