
<record>
  <leader>01080cz  a2200253n  4500</leader>
  <controlfield tag="001">603254</controlfield>
  <controlfield tag="003">DLC</controlfield>
  <controlfield tag="005">20200103073212.0</controlfield>
  <controlfield tag="008">850703n| azannaabn          |a aaa      </controlfield>
  <datafield tag="010" ind1=" " ind2=" ">
    <subfield code="a">n  85111695 </subfield>
  </datafield>
  <datafield tag="035" ind1=" " ind2=" ">
    <subfield code="a">(OCoLC)oca01382542</subfield>
  </datafield>
  <datafield tag="040" ind1=" " ind2=" ">
    <subfield code="a">WMUW</subfield>
    <subfield code="b">eng</subfield>
    <subfield code="e">rda</subfield>
    <subfield code="c">DLC</subfield>
    <subfield code="d">DLC</subfield>
    <subfield code="d">PPi-MA</subfield>
    <subfield code="d">TxU-Mu</subfield>
    <subfield code="d">PPi-MA</subfield>
    <subfield code="d">OOC</subfield>
  </datafield>
  <datafield tag="046" ind1=" " ind2=" ">
    <subfield code="f">1930-06-10</subfield>
    <subfield code="g">2005-01-04</subfield>
    <subfield code="2">edtf</subfield>
  </datafield>
  <datafield tag="100" ind1="1" ind2=" ">
    <subfield code="a">Pedersen, Guy</subfield>
  </datafield>
  <datafield tag="370" ind1=" " ind2=" ">
    <subfield code="a">Grand-Fort-Philippe (France)</subfield>
  </datafield>
  <datafield tag="370" ind1=" " ind2=" ">
    <subfield code="b">Rueil-Malmaison (France)</subfield>
    <subfield code="c">France</subfield>
    <subfield code="2">naf</subfield>
  </datafield>
  <datafield tag="372" ind1=" " ind2=" ">
    <subfield code="a">Jazz</subfield>
    <subfield code="2">lcsh</subfield>
  </datafield>
  <datafield tag="374" ind1=" " ind2=" ">
    <subfield code="a">Jazz musicians</subfield>
    <subfield code="a">Double bassists</subfield>
    <subfield code="2">lcsh</subfield>
  </datafield>
  <datafield tag="400" ind1="1" ind2=" ">
    <subfield code="a">Pederson, Guy</subfield>
  </datafield>
  <datafield tag="670" ind1=" " ind2=" ">
    <subfield code="a">Bolling, C. Picnic suite [SR] p1980:</subfield>
    <subfield code="b">label (Guy Pedersen, bass)</subfield>
  </datafield>
  <datafield tag="670" ind1=" " ind2=" ">
    <subfield code="a">New Grove dict. of jazz</subfield>
    <subfield code="b">(Pedersen, Guy; b. June 10, 1930, Grand-Fort-Philippe, near Dunkerque, France; French double bass player)</subfield>
  </datafield>
  <datafield tag="670" ind1=" " ind2=" ">
    <subfield code="a">Hampton, L. Jam session in Paris [SR] 1955?:</subfield>
    <subfield code="b">container (Guy Pederson, bass)</subfield>
  </datafield>
  <datafield tag="670" ind1=" " ind2=" ">
    <subfield code="a">Dexter Gordon [VR] c2007:</subfield>
    <subfield code="b">insert (Guy Pedersen; b. June 10, 1930, Grand-Fort-Philippe (Nord), France, d. Jan. 4, 2005, Rueil-Malmaison, France; bassist)</subfield>
  </datafield>
  <datafield tag="953" ind1=" " ind2=" ">
    <subfield code="a">bz76</subfield>
    <subfield code="b">kb01</subfield>
  </datafield>
</record>