
<record>
  <leader>00695cz  a2200205n  4500</leader>
  <controlfield tag="001">617507</controlfield>
  <controlfield tag="003">DLC</controlfield>
  <controlfield tag="005">20200103073237.0</controlfield>
  <controlfield tag="008">871019nc azannaabn          |b aaa     c</controlfield>
  <datafield tag="010" ind1=" " ind2=" ">
    <subfield code="a">n  85295335 </subfield>
  </datafield>
  <datafield tag="035" ind1=" " ind2=" ">
    <subfield code="a">(OCoLC)oca01963773</subfield>
  </datafield>
  <datafield tag="040" ind1=" " ind2=" ">
    <subfield code="a">MiU-A</subfield>
    <subfield code="b">eng</subfield>
    <subfield code="e">rda</subfield>
    <subfield code="c">DLC</subfield>
    <subfield code="d">OCoLC</subfield>
    <subfield code="d">InU</subfield>
  </datafield>
  <datafield tag="046" ind1=" " ind2=" ">
    <subfield code="f">1908-08-24</subfield>
    <subfield code="g">1985</subfield>
    <subfield code="2">edtf</subfield>
  </datafield>
  <datafield tag="100" ind1="1" ind2=" ">
    <subfield code="a">Guo, Yuxin,</subfield>
    <subfield code="d">1908-1985</subfield>
  </datafield>
  <datafield tag="400" ind1="1" ind2=" ">
    <subfield code="w">nne</subfield>
    <subfield code="a">Kuo, Yü-hsin,</subfield>
    <subfield code="d">1908-1985</subfield>
  </datafield>
  <datafield tag="400" ind1="1" ind2=" ">
    <subfield code="a">郭雨新,</subfield>
    <subfield code="d">1908-1985</subfield>
  </datafield>
  <datafield tag="667" ind1=" " ind2=" ">
    <subfield code="a">Machine-derived non-Latin script reference project.</subfield>
  </datafield>
  <datafield tag="667" ind1=" " ind2=" ">
    <subfield code="a">Non-Latin script reference not evaluated.</subfield>
  </datafield>
  <datafield tag="670" ind1=" " ind2=" ">
    <subfield code="a">Kuo Yü-hsin chi nien wen chi, 1986:</subfield>
    <subfield code="b">p. 253, etc. (b. 8/24/08; d. 1985; legislator, Taiwan Prov.; politician)</subfield>
  </datafield>
  <datafield tag="953" ind1=" " ind2=" ">
    <subfield code="a">bz66</subfield>
  </datafield>
</record>