
<record>
  <leader>01057cz  a2200241n  4500</leader>
  <controlfield tag="001">630129</controlfield>
  <controlfield tag="003">DLC</controlfield>
  <controlfield tag="005">20200103073215.0</controlfield>
  <controlfield tag="008">870618n| azannaabn          |b aaa      </controlfield>
  <datafield tag="010" ind1=" " ind2=" ">
    <subfield code="a">n  86029195 </subfield>
  </datafield>
  <datafield tag="035" ind1=" " ind2=" ">
    <subfield code="a">(OCoLC)oca01879371</subfield>
  </datafield>
  <datafield tag="040" ind1=" " ind2=" ">
    <subfield code="a">DLC</subfield>
    <subfield code="b">eng</subfield>
    <subfield code="e">rda</subfield>
    <subfield code="c">DLC</subfield>
    <subfield code="d">DLC</subfield>
    <subfield code="d">InU</subfield>
  </datafield>
  <datafield tag="046" ind1=" " ind2=" ">
    <subfield code="f">1946-03-23</subfield>
    <subfield code="2">edtf</subfield>
  </datafield>
  <datafield tag="100" ind1="1" ind2=" ">
    <subfield code="a">Ishchenko, E. P.</subfield>
    <subfield code="q">(Evgeniĭ Petrovich)</subfield>
  </datafield>
  <datafield tag="372" ind1=" " ind2=" ">
    <subfield code="a">Law</subfield>
    <subfield code="2">lcsh</subfield>
  </datafield>
  <datafield tag="374" ind1=" " ind2=" ">
    <subfield code="a">College teachers</subfield>
    <subfield code="2">lcsh</subfield>
  </datafield>
  <datafield tag="400" ind1="1" ind2=" ">
    <subfield code="a">Ищенко, Е. П.</subfield>
    <subfield code="q">(Евгений Петрович)</subfield>
  </datafield>
  <datafield tag="400" ind1="1" ind2=" ">
    <subfield code="a">Ishchenko, Evgeniĭ Petrovich</subfield>
  </datafield>
  <datafield tag="400" ind1="1" ind2=" ">
    <subfield code="a">Ischenko, E. P.</subfield>
  </datafield>
  <datafield tag="667" ind1=" " ind2=" ">
    <subfield code="a">Non-Latin script reference not evaluated.</subfield>
  </datafield>
  <datafield tag="670" ind1=" " ind2=" ">
    <subfield code="a">His V poiskakh istiny, 1986:</subfield>
    <subfield code="b">t.p. (E. P. Ishchenko) colophon (Evgeniĭ Petrovich Ishchenko)</subfield>
  </datafield>
  <datafield tag="670" ind1=" " ind2=" ">
    <subfield code="a">Rassledovanie prestupleniĭ protiv semʹi, 2019:</subfield>
    <subfield code="b">t.p. (E.P. Ishchenko; doktora i︠u︡ridicheskikh nauk, professora) added t.p. (E.P. Ischenko)</subfield>
  </datafield>
  <datafield tag="670" ind1=" " ind2=" ">
    <subfield code="a">Vikipedii︠a︡ (Russian), Jan. 2, 2020</subfield>
    <subfield code="b">(Ishchenko, Evgeniĭ Petrovich (kriminalist); b. March 23, 1946, in Okoneshnikovo in Omskai︠a︡ oblastʹ)</subfield>
  </datafield>
</record>