
<record>
  <leader>02333cz  a2200361n  4500</leader>
  <controlfield tag="001">630907</controlfield>
  <controlfield tag="003">DLC</controlfield>
  <controlfield tag="005">20200103073216.0</controlfield>
  <controlfield tag="008">870925n| azannaabn          |a aaa      </controlfield>
  <datafield tag="010" ind1=" " ind2=" ">
    <subfield code="a">n  86038635 </subfield>
  </datafield>
  <datafield tag="035" ind1=" " ind2=" ">
    <subfield code="a">(OCoLC)oca01949189</subfield>
  </datafield>
  <datafield tag="040" ind1=" " ind2=" ">
    <subfield code="a">DLC</subfield>
    <subfield code="b">eng</subfield>
    <subfield code="e">rda</subfield>
    <subfield code="c">DLC</subfield>
    <subfield code="d">DLC</subfield>
    <subfield code="d">MdRoLAC</subfield>
    <subfield code="d">GVaS</subfield>
  </datafield>
  <datafield tag="046" ind1=" " ind2=" ">
    <subfield code="f">1947-06-13</subfield>
    <subfield code="2">edtf</subfield>
  </datafield>
  <datafield tag="100" ind1="1" ind2=" ">
    <subfield code="a">Masugi, Ken</subfield>
  </datafield>
  <datafield tag="370" ind1=" " ind2=" ">
    <subfield code="c">United States</subfield>
    <subfield code="e">Washington (D.C.)</subfield>
    <subfield code="2">naf</subfield>
  </datafield>
  <datafield tag="372" ind1=" " ind2=" ">
    <subfield code="a">Education, Higher</subfield>
    <subfield code="a">Political science</subfield>
    <subfield code="a">Speechwriting</subfield>
    <subfield code="a">Editing</subfield>
    <subfield code="2">lcsh</subfield>
  </datafield>
  <datafield tag="373" ind1=" " ind2=" ">
    <subfield code="a">Johns Hopkins University</subfield>
    <subfield code="2">naf</subfield>
  </datafield>
  <datafield tag="373" ind1=" " ind2=" ">
    <subfield code="a">United States. Equal Employment Opportunity Commission</subfield>
    <subfield code="2">naf</subfield>
  </datafield>
  <datafield tag="373" ind1=" " ind2=" ">
    <subfield code="a">Claremont Institute</subfield>
    <subfield code="2">naf</subfield>
  </datafield>
  <datafield tag="373" ind1=" " ind2=" ">
    <subfield code="a">United States Air Force Academy</subfield>
    <subfield code="2">naf</subfield>
  </datafield>
  <datafield tag="373" ind1=" " ind2=" ">
    <subfield code="a">Michigan State University</subfield>
    <subfield code="2">naf</subfield>
  </datafield>
  <datafield tag="373" ind1=" " ind2=" ">
    <subfield code="a">Ashland University</subfield>
    <subfield code="2">naf</subfield>
  </datafield>
  <datafield tag="373" ind1=" " ind2=" ">
    <subfield code="a">Princeton University</subfield>
    <subfield code="2">naf</subfield>
  </datafield>
  <datafield tag="374" ind1=" " ind2=" ">
    <subfield code="a">College teachers</subfield>
    <subfield code="a">Speechwriters</subfield>
    <subfield code="a">Editors</subfield>
    <subfield code="a">Authors</subfield>
    <subfield code="2">lcsh</subfield>
  </datafield>
  <datafield tag="375" ind1=" " ind2=" ">
    <subfield code="a">Males</subfield>
    <subfield code="2">lcdgt</subfield>
  </datafield>
  <datafield tag="377" ind1=" " ind2=" ">
    <subfield code="a">eng</subfield>
  </datafield>
  <datafield tag="510" ind1="2" ind2=" ">
    <subfield code="w">r</subfield>
    <subfield code="i">Employer:</subfield>
    <subfield code="a">Johns Hopkins University</subfield>
  </datafield>
  <datafield tag="670" ind1=" " ind2=" ">
    <subfield code="a">The American founding, c1988:</subfield>
    <subfield code="b">CIP t.p. (Ken Masugi)</subfield>
  </datafield>
  <datafield tag="670" ind1=" " ind2=" ">
    <subfield code="a">Interpreting Tocqueville&apos;s Democracy in America, c1991:</subfield>
    <subfield code="b">CIP t.p. (Ken Masugi) data sheet (b. 06-13-47)</subfield>
  </datafield>
  <datafield tag="670" ind1=" " ind2=" ">
    <subfield code="a">Marini, John A. Unmasking the administrative state, 2019:</subfield>
    <subfield code="b">eCIP title page (edited By Ken Masugi)</subfield>
  </datafield>
  <datafield tag="670" ind1=" " ind2=" ">
    <subfield code="a">John Hopkins University website, viewed December 18, 2019</subfield>
    <subfield code="b">(Ken Masugi is a lecturer of political science for the Advanced Academic Programs department at the Johns Hopkins University Washington Center for Advanced Governmental Studies. He has been a speechwriter for two Cabinet members and for Clarence Thomas, when he was Chairman of the Equal Employment Opportunity Commission. He is co-author, editor, or co-editor of seven books on American politics. While directing programs at the Claremont Institute, he also served as editor of its quarterly Claremont Review of Books in its early years. He is on the editorial board of two political science journals. He has taught at several universities, including the U.S. Air Force Academy, where he was Olin Distinguished Visiting Professor; James Madison College of Michigan State University; the Ashbrook Center of Ashland University; and Princeton University)</subfield>
    <subfield code="u">https://advanced.jhu.edu/about-us/faculty/ken-masugi-phd/</subfield>
  </datafield>
  <datafield tag="952" ind1=" " ind2=" ">
    <subfield code="a">*br11 041 06-21-91</subfield>
  </datafield>
  <datafield tag="953" ind1=" " ind2=" ">
    <subfield code="a">bc09</subfield>
    <subfield code="b">br11</subfield>
  </datafield>
</record>