
<record>
  <leader>02413cz  a2200409n  4500</leader>
  <controlfield tag="001">636815</controlfield>
  <controlfield tag="003">DLC</controlfield>
  <controlfield tag="005">20200103073215.0</controlfield>
  <controlfield tag="008">870415n| azannaabn          |a aaa      </controlfield>
  <datafield tag="010" ind1=" " ind2=" ">
    <subfield code="a">n  86115255 </subfield>
  </datafield>
  <datafield tag="035" ind1=" " ind2=" ">
    <subfield code="a">(OCoLC)oca01833826</subfield>
  </datafield>
  <datafield tag="040" ind1=" " ind2=" ">
    <subfield code="a">DLC</subfield>
    <subfield code="b">eng</subfield>
    <subfield code="e">rda</subfield>
    <subfield code="c">DLC</subfield>
    <subfield code="d">DLC</subfield>
    <subfield code="d">NcU</subfield>
    <subfield code="d">InU</subfield>
    <subfield code="d">DLC</subfield>
    <subfield code="d">NNC</subfield>
    <subfield code="d">MoSU</subfield>
  </datafield>
  <datafield tag="046" ind1=" " ind2=" ">
    <subfield code="g">1292-12-08</subfield>
    <subfield code="2">edtf</subfield>
  </datafield>
  <datafield tag="053" ind1=" " ind2="0">
    <subfield code="a">PA8395.P32</subfield>
  </datafield>
  <datafield tag="100" ind1="1" ind2=" ">
    <subfield code="a">Peckham, John,</subfield>
    <subfield code="d">-1292</subfield>
  </datafield>
  <datafield tag="370" ind1=" " ind2=" ">
    <subfield code="a">Patcham (England)</subfield>
  </datafield>
  <datafield tag="370" ind1=" " ind2=" ">
    <subfield code="a">Sussex (England)</subfield>
    <subfield code="b">Mortlake (London, England)</subfield>
    <subfield code="c">England</subfield>
    <subfield code="f">Canterbury (England)</subfield>
    <subfield code="2">naf</subfield>
  </datafield>
  <datafield tag="373" ind1=" " ind2=" ">
    <subfield code="a">Franciscans</subfield>
    <subfield code="2">naf</subfield>
  </datafield>
  <datafield tag="373" ind1=" " ind2=" ">
    <subfield code="a">Catholic Church. Archdiocese of Canterbury (England)</subfield>
    <subfield code="2">naf</subfield>
    <subfield code="s">1279</subfield>
    <subfield code="t">1292</subfield>
  </datafield>
  <datafield tag="374" ind1=" " ind2=" ">
    <subfield code="a">Theologians</subfield>
    <subfield code="a">Bishops</subfield>
    <subfield code="2">lcsh</subfield>
  </datafield>
  <datafield tag="377" ind1=" " ind2=" ">
    <subfield code="a">lat</subfield>
  </datafield>
  <datafield tag="400" ind1="0" ind2=" ">
    <subfield code="a">John Peckham,</subfield>
    <subfield code="c">Archbishop of Canterbury,</subfield>
    <subfield code="d">-1292</subfield>
  </datafield>
  <datafield tag="400" ind1="1" ind2=" ">
    <subfield code="a">Peccham, John,</subfield>
    <subfield code="d">-1292</subfield>
  </datafield>
  <datafield tag="400" ind1="1" ind2=" ">
    <subfield code="a">Pecham, John,</subfield>
    <subfield code="d">-1292</subfield>
  </datafield>
  <datafield tag="400" ind1="1" ind2=" ">
    <subfield code="a">Peckam, Ioannes,</subfield>
    <subfield code="d">-1292</subfield>
  </datafield>
  <datafield tag="400" ind1="1" ind2=" ">
    <subfield code="a">Peckham, Johannes de,</subfield>
    <subfield code="d">-1292</subfield>
  </datafield>
  <datafield tag="400" ind1="1" ind2=" ">
    <subfield code="a">Pisanus, Joannes,</subfield>
    <subfield code="d">-1292</subfield>
  </datafield>
  <datafield tag="400" ind1="1" ind2=" ">
    <subfield code="w">nnaa</subfield>
    <subfield code="a">Peckham, John,</subfield>
    <subfield code="c">Abp. of Canterbury,</subfield>
    <subfield code="d">d. 1292</subfield>
  </datafield>
  <datafield tag="400" ind1="1" ind2=" ">
    <subfield code="w">nnea</subfield>
    <subfield code="a">Peckham, John,</subfield>
    <subfield code="d">d. 1292</subfield>
  </datafield>
  <datafield tag="670" ind1=" " ind2=" ">
    <subfield code="a">Thoresby, John, -1373. The lay folks&apos; catechism, 1987:</subfield>
    <subfield code="b">CIP galley (John Peckham, Archbishop of Canterbury)</subfield>
  </datafield>
  <datafield tag="670" ind1=" " ind2=" ">
    <subfield code="a">LC manual authority card</subfield>
    <subfield code="b">(hdg.: Peckham, John, Abp. of Canterbury, d. 1292)</subfield>
  </datafield>
  <datafield tag="670" ind1=" " ind2=" ">
    <subfield code="a">Questions concerning the eternity of the world, 1993:</subfield>
    <subfield code="b">title page (John Pecham) page vii (John Pecham, O.F.M., born in about the year 1230 at Patcham, Sussex, England [now within the city of Brighton and Hove]; studied at Paris) page ix (named Archbishop of Canterbury on the feast of the Conversion of St. Paul [i.e. January 25] in 1279) page x (died December 8, 1291)</subfield>
  </datafield>
  <datafield tag="670" ind1=" " ind2=" ">
    <subfield code="a">Stimulus amoris ; Canticum pauperis, 1949:</subfield>
    <subfield code="b">title page (fr. Ioannis Peckam)</subfield>
  </datafield>
  <datafield tag="670" ind1=" " ind2=" ">
    <subfield code="a">New Catholic encyclopedia. Second edition, 2003:</subfield>
    <subfield code="b">volume 7, page 1007 (John Peckham (Pecham) [entered under John]; English Franciscan theologian;  archbishop of Canterbury from January 28, 1279, until his death in 1292; known as Doctor ingeniosus; born at Patcham, Sussex, circa 1220-1225; died at Mortlake Manor, Surrey [now Mortlake in London], December 8,1292)</subfield>
  </datafield>
  <datafield tag="670" ind1=" " ind2=" ">
    <subfield code="a">Bibliothèque nationale de France, Catalogue des incunables:</subfield>
    <subfield code="b">A-182 (Johannes de Peckham)</subfield>
  </datafield>
  <datafield tag="670" ind1=" " ind2=" ">
    <subfield code="a">Perspectiua Joannis Pisani anglici viri religiosi vulgo co[m]munis appellata rationes, 1504:</subfield>
    <subfield code="b">title page (... Joannis Pisani)</subfield>
  </datafield>
  <datafield tag="953" ind1=" " ind2=" ">
    <subfield code="a">bd07</subfield>
    <subfield code="b">vk07</subfield>
  </datafield>
</record>