
<record>
  <leader>01018cz  a2200229n  4500</leader>
  <controlfield tag="001">667935</controlfield>
  <controlfield tag="003">DLC</controlfield>
  <controlfield tag="005">20200103073203.0</controlfield>
  <controlfield tag="008">880303n| azannaabn          |a ana      </controlfield>
  <datafield tag="010" ind1=" " ind2=" ">
    <subfield code="a">n  88005265 </subfield>
  </datafield>
  <datafield tag="035" ind1=" " ind2=" ">
    <subfield code="a">(OCoLC)oca02217642</subfield>
  </datafield>
  <datafield tag="040" ind1=" " ind2=" ">
    <subfield code="a">DLC</subfield>
    <subfield code="b">eng</subfield>
    <subfield code="e">rda</subfield>
    <subfield code="c">DLC</subfield>
    <subfield code="d">OCoLC</subfield>
    <subfield code="d">AzTeS</subfield>
  </datafield>
  <datafield tag="046" ind1=" " ind2=" ">
    <subfield code="s">1946</subfield>
    <subfield code="2">edtf</subfield>
  </datafield>
  <datafield tag="110" ind1="2" ind2=" ">
    <subfield code="a">Westerners.</subfield>
    <subfield code="b">Los Angeles Corral</subfield>
  </datafield>
  <datafield tag="410" ind1="2" ind2=" ">
    <subfield code="a">Los Angeles Corral of the Westerners</subfield>
  </datafield>
  <datafield tag="410" ind1="2" ind2=" ">
    <subfield code="a">Los Angeles Westerners Corral</subfield>
  </datafield>
  <datafield tag="410" ind1="2" ind2=" ">
    <subfield code="a">Los Angeles Corral of Westerners</subfield>
  </datafield>
  <datafield tag="670" ind1=" " ind2=" ">
    <subfield code="a">Incidents of a voyage to California, 1849, 1987:</subfield>
    <subfield code="b">t.p. verso (Westerners, Los Angeles Corral)</subfield>
  </datafield>
  <datafield tag="670" ind1=" " ind2=" ">
    <subfield code="a">LC data base, 3/2/88</subfield>
    <subfield code="b">(hdg.: The Westerners. Los Angeles Corral)</subfield>
  </datafield>
  <datafield tag="670" ind1=" " ind2=" ">
    <subfield code="a">Indian warfare in Baja California 1533-1857, 2017:</subfield>
    <subfield code="b">t.p. (Los Angeles Corral of the Westerners) t.p. verso (Los Angeles Westerners Corral)</subfield>
  </datafield>
  <datafield tag="670" ind1=" " ind2=" ">
    <subfield code="a">The Los Angeles Corral of Westerners website, viewed Dec. 26, 2019</subfield>
    <subfield code="b">about (The Los Angeles Corral of Westerners; [est.] 1946)</subfield>
    <subfield code="u">http://www.lawesterners.org/</subfield>
  </datafield>
  <datafield tag="953" ind1=" " ind2=" ">
    <subfield code="a">bg10</subfield>
  </datafield>
</record>