
<record>
  <leader>00613cz  a2200169n  4500</leader>
  <controlfield tag="001">688066</controlfield>
  <controlfield tag="003">DLC</controlfield>
  <controlfield tag="005">20200103073156.0</controlfield>
  <controlfield tag="008">890123n| azannaab|          |n aaa      </controlfield>
  <datafield tag="010" ind1=" " ind2=" ">
    <subfield code="a">n  88282685 </subfield>
  </datafield>
  <datafield tag="035" ind1=" " ind2=" ">
    <subfield code="a">(OCoLC)oca02443216</subfield>
  </datafield>
  <datafield tag="040" ind1=" " ind2=" ">
    <subfield code="a">DLC</subfield>
    <subfield code="b">eng</subfield>
    <subfield code="e">rda</subfield>
    <subfield code="c">DLC</subfield>
    <subfield code="d">NL-AmU</subfield>
  </datafield>
  <datafield tag="100" ind1="1" ind2=" ">
    <subfield code="a">Gerard, Geoffrey</subfield>
  </datafield>
  <datafield tag="670" ind1=" " ind2=" ">
    <subfield code="a">McInerny, D. All about tropical fish, 1989:</subfield>
    <subfield code="b">CIP t.p. (Geoffrey Gerard, B.A., F.R.S.E., M.I.E.E.)</subfield>
  </datafield>
  <datafield tag="670" ind1=" " ind2=" ">
    <subfield code="a">LC data base, 1/18/89</subfield>
    <subfield code="b">(hdg.: Gerard, Geoffrey)</subfield>
  </datafield>
  <datafield tag="670" ind1=" " ind2=" ">
    <subfield code="a">The pocket book of refrigeration and ice-making, 1950:</subfield>
    <subfield code="b">title page (Geoffrey Gerard, F.R.S.E., A.M.I.E.E., editor)</subfield>
  </datafield>
  <datafield tag="953" ind1=" " ind2=" ">
    <subfield code="a">br14</subfield>
  </datafield>
</record>