
<record>
  <leader>01167cz  a2200241n  4500</leader>
  <controlfield tag="001">759655</controlfield>
  <controlfield tag="003">DLC</controlfield>
  <controlfield tag="005">20200103073320.0</controlfield>
  <controlfield tag="008">920313n| azannaabn          |b aaa      </controlfield>
  <datafield tag="010" ind1=" " ind2=" ">
    <subfield code="a">n  92028075 </subfield>
  </datafield>
  <datafield tag="035" ind1=" " ind2=" ">
    <subfield code="a">(OCoLC)oca03129467</subfield>
  </datafield>
  <datafield tag="040" ind1=" " ind2=" ">
    <subfield code="a">DLC</subfield>
    <subfield code="b">eng</subfield>
    <subfield code="e">rda</subfield>
    <subfield code="c">DLC</subfield>
    <subfield code="d">DLC</subfield>
    <subfield code="d">OCoLC</subfield>
    <subfield code="d">DLC</subfield>
    <subfield code="d">OrU</subfield>
    <subfield code="d">WU</subfield>
  </datafield>
  <datafield tag="100" ind1="1" ind2=" ">
    <subfield code="a">Okti︠a︡brʹskai︠a︡, I. V.</subfield>
    <subfield code="q">(Irina Vi︠a︡cheslavovna)</subfield>
  </datafield>
  <datafield tag="375" ind1=" " ind2=" ">
    <subfield code="a">Females</subfield>
    <subfield code="2">lcdgt</subfield>
  </datafield>
  <datafield tag="377" ind1=" " ind2=" ">
    <subfield code="a">rus</subfield>
  </datafield>
  <datafield tag="400" ind1="1" ind2=" ">
    <subfield code="a">Октябрьская, И. В.</subfield>
    <subfield code="q">(Ирина Вячеславовна)</subfield>
  </datafield>
  <datafield tag="400" ind1="1" ind2=" ">
    <subfield code="a">Okti︠a︡brʹskai︠a︡, Irina Vi︠a︡cheslavovna</subfield>
  </datafield>
  <datafield tag="400" ind1="1" ind2=" ">
    <subfield code="a">Oktyabrskaya, Irina V.</subfield>
  </datafield>
  <datafield tag="667" ind1=" " ind2=" ">
    <subfield code="a">Machine-derived non-Latin script reference project.</subfield>
  </datafield>
  <datafield tag="667" ind1=" " ind2=" ">
    <subfield code="a">Non-Latin script reference not evaluated.</subfield>
  </datafield>
  <datafield tag="670" ind1=" " ind2=" ">
    <subfield code="a">Sagalaev, A.M. Tradit︠s︡ionnoe mirovozzrenie ti︠u︡rkov I︠U︡zhnoĭ Sibiri, 1990:</subfield>
    <subfield code="b">t.p. (I.V. Okti︠a︡brʹskai︠a︡) colophon (Okti︠a︡brʹskai︠a︡ Irina Vi︠a︡cheslavovna)</subfield>
  </datafield>
  <datafield tag="670" ind1=" " ind2=" ">
    <subfield code="a">Sever i I︠U︡g, 2010:</subfield>
    <subfield code="b">t.p. verso (И.В. Октябрьская = I.V. Okti︠a︡brʹskai︠a︡) p. 189 (doktor istoricheskikh nauk, dot︠s︡ent; Oktyabrskaya, Irina V. [in rom.])</subfield>
  </datafield>
  <datafield tag="953" ind1=" " ind2=" ">
    <subfield code="a">ee39</subfield>
    <subfield code="b">fe07</subfield>
  </datafield>
</record>