
<record>
  <leader>01353cz  a2200241n  4500</leader>
  <controlfield tag="001">763500</controlfield>
  <controlfield tag="003">DLC</controlfield>
  <controlfield tag="005">20200103111835.0</controlfield>
  <controlfield tag="008">920429n| acannaabn          |a aaa      </controlfield>
  <datafield tag="010" ind1=" " ind2=" ">
    <subfield code="a">n  92046835 </subfield>
  </datafield>
  <datafield tag="035" ind1=" " ind2=" ">
    <subfield code="a">(OCoLC)oca03161135</subfield>
  </datafield>
  <datafield tag="040" ind1=" " ind2=" ">
    <subfield code="a">DLC</subfield>
    <subfield code="b">eng</subfield>
    <subfield code="e">rda</subfield>
    <subfield code="c">DLC</subfield>
    <subfield code="d">OCoLC</subfield>
    <subfield code="d">DLC</subfield>
  </datafield>
  <datafield tag="046" ind1=" " ind2=" ">
    <subfield code="f">1954</subfield>
    <subfield code="g">2019</subfield>
    <subfield code="2">edtf</subfield>
  </datafield>
  <datafield tag="100" ind1="1" ind2=" ">
    <subfield code="a">Dias, Augusto Silva</subfield>
  </datafield>
  <datafield tag="372" ind1=" " ind2=" ">
    <subfield code="a">Criminal law</subfield>
    <subfield code="2">lcsh</subfield>
  </datafield>
  <datafield tag="373" ind1=" " ind2=" ">
    <subfield code="a">Universidade de Lisboa</subfield>
    <subfield code="2">naf</subfield>
  </datafield>
  <datafield tag="374" ind1=" " ind2=" ">
    <subfield code="a">Law teachers</subfield>
    <subfield code="2">lcsh</subfield>
  </datafield>
  <datafield tag="375" ind1=" " ind2=" ">
    <subfield code="a">Males</subfield>
    <subfield code="2">lcsh</subfield>
  </datafield>
  <datafield tag="400" ind1="1" ind2=" ">
    <subfield code="a">Silva Dias, Augusto</subfield>
  </datafield>
  <datafield tag="670" ind1=" " ind2=" ">
    <subfield code="a">His A relevância jurídico-penal das ... between 1986 and 1988:</subfield>
    <subfield code="b">t.p. (Augusto Silva Dias)</subfield>
  </datafield>
  <datafield tag="670" ind1=" " ind2=" ">
    <subfield code="a">Biblioteca Nacional de Portugal website, viewed 1/3/2020</subfield>
    <subfield code="b">(hdg.: Dias, Augusto Silva, 1954-2019).</subfield>
  </datafield>
  <datafield tag="670" ind1=" " ind2=" ">
    <subfield code="a">Universidade de Lisboa, viewed Jan. 3, 2020:</subfield>
    <subfield code="b">(Prof. Doutor Augusto Silva Dias (on faculty since 2004); Áreas de interesse: Direito Penal e diversidade cultural, Direito das Contraordenações, História dos estudos sobre a criminalidade, Direito Penal Económico e Financeiro;  Graus académicos: Licenciatura em Direito pela Universidade de Lisboa, concluída em 1978/79; Mestrado em Direito Penal pela Universidade de Lisboa, concluído em 1985; Doutoramento em Direito (ciências jurídicas) pela Universidade de Lisboa, concluído em 2004; obituary dated 11, october 2019).</subfield>
  </datafield>
  <datafield tag="953" ind1=" " ind2=" ">
    <subfield code="a">bh99</subfield>
  </datafield>
</record>