
<record>
  <leader>00911cz  a2200193n  4500</leader>
  <controlfield tag="001">773711</controlfield>
  <controlfield tag="003">DLC</controlfield>
  <controlfield tag="005">20200103084438.0</controlfield>
  <controlfield tag="008">930323n| azannaabn          |a aaa     c</controlfield>
  <datafield tag="010" ind1=" " ind2=" ">
    <subfield code="a">nr 93010715 </subfield>
  </datafield>
  <datafield tag="035" ind1=" " ind2=" ">
    <subfield code="a">(OCoLC)oca03342777</subfield>
  </datafield>
  <datafield tag="040" ind1=" " ind2=" ">
    <subfield code="a">NjP</subfield>
    <subfield code="b">eng</subfield>
    <subfield code="e">rda</subfield>
    <subfield code="c">NjP</subfield>
    <subfield code="d">OAkU-MCU</subfield>
    <subfield code="d">DLC</subfield>
  </datafield>
  <datafield tag="100" ind1="1" ind2=" ">
    <subfield code="a">Young, Kenneth,</subfield>
    <subfield code="d">1955-</subfield>
  </datafield>
  <datafield tag="400" ind1="1" ind2=" ">
    <subfield code="a">Young, Ken,</subfield>
    <subfield code="d">1955-</subfield>
  </datafield>
  <datafield tag="670" ind1=" " ind2=" ">
    <subfield code="a">New Zealand Brass Quintet. New Zealand Brass Quintet [SR] p1983:</subfield>
    <subfield code="b">label (Kenneth Young) container (tuba player in New Zealand Brass Quintet; principal tuba of New Zealand Symphony Orchestra since 1976)</subfield>
  </datafield>
  <datafield tag="670" ind1=" " ind2=" ">
    <subfield code="a">Thomson, J.M. The Oxford history of New Zealand music, 1991:</subfield>
    <subfield code="b">p. 262 (Kenneth Young, b. 1955, tuba in New Zealand Symphony Orchestra, composer)</subfield>
  </datafield>
  <datafield tag="670" ind1=" " ind2=" ">
    <subfield code="a">New Zealand composers [SR] p1994:</subfield>
    <subfield code="b">label (Ken Young) insert (Kenneth Young; b. in Invercargill, raised in Christchurch; also a conductor)</subfield>
  </datafield>
  <datafield tag="953" ind1=" " ind2=" ">
    <subfield code="a">xx00</subfield>
  </datafield>
  <datafield tag="985" ind1=" " ind2=" ">
    <subfield code="c">RLIN</subfield>
    <subfield code="e">LSPC</subfield>
  </datafield>
</record>