
<record>
  <leader>00554cz  a2200157n  4500</leader>
  <controlfield tag="001">843180</controlfield>
  <controlfield tag="003">DLC</controlfield>
  <controlfield tag="005">20200103151653.0</controlfield>
  <controlfield tag="008">960411n| acannaabn          |a aaa      </controlfield>
  <datafield tag="010" ind1=" " ind2=" ">
    <subfield code="a">n  96035425 </subfield>
  </datafield>
  <datafield tag="035" ind1=" " ind2=" ">
    <subfield code="a">(OCoLC)oca04055205</subfield>
  </datafield>
  <datafield tag="040" ind1=" " ind2=" ">
    <subfield code="a">DLC</subfield>
    <subfield code="b">eng</subfield>
    <subfield code="c">DLC</subfield>
    <subfield code="d">OCoLC</subfield>
    <subfield code="d">DLC</subfield>
  </datafield>
  <datafield tag="100" ind1="1" ind2=" ">
    <subfield code="a">Desmoulins-Hémery, Servanne</subfield>
  </datafield>
  <datafield tag="400" ind1="1" ind2=" ">
    <subfield code="a">Hémery, Servanne Desmoulins-</subfield>
  </datafield>
  <datafield tag="670" ind1=" " ind2=" ">
    <subfield code="a">Trésors d&apos;art religieux dans le Perche ... 1995:</subfield>
    <subfield code="b">colophon (Servanne Desmoulins-Hemery) introd. (curator of art, Musée dép. des arts et traditions populaires du Perche)</subfield>
  </datafield>
  <datafield tag="953" ind1=" " ind2=" ">
    <subfield code="a">jh16</subfield>
  </datafield>
</record>