
<record>
  <leader>00864cz  a2200229n  4500</leader>
  <controlfield tag="001">859651</controlfield>
  <controlfield tag="003">DLC</controlfield>
  <controlfield tag="005">20200103154147.0</controlfield>
  <controlfield tag="008">970407n| azannaabn          |a aaa     c</controlfield>
  <datafield tag="010" ind1=" " ind2=" ">
    <subfield code="a">nr 97012985 </subfield>
  </datafield>
  <datafield tag="035" ind1=" " ind2=" ">
    <subfield code="a">(OCoLC)oca04324248</subfield>
  </datafield>
  <datafield tag="040" ind1=" " ind2=" ">
    <subfield code="a">NNU</subfield>
    <subfield code="b">eng</subfield>
    <subfield code="e">rda</subfield>
    <subfield code="c">NNU</subfield>
    <subfield code="d">NjP</subfield>
    <subfield code="d">DLC</subfield>
  </datafield>
  <datafield tag="046" ind1=" " ind2=" ">
    <subfield code="f">1941</subfield>
    <subfield code="g">2002</subfield>
    <subfield code="2">edtf</subfield>
  </datafield>
  <datafield tag="100" ind1="1" ind2=" ">
    <subfield code="a">Klöppelschuh, Elvira</subfield>
  </datafield>
  <datafield tag="374" ind1=" " ind2=" ">
    <subfield code="a">Authors</subfield>
    <subfield code="2">lcsh</subfield>
  </datafield>
  <datafield tag="375" ind1=" " ind2=" ">
    <subfield code="a">Males</subfield>
    <subfield code="2">lcdgt</subfield>
  </datafield>
  <datafield tag="400" ind1="1" ind2=" ">
    <subfield code="a">Totterheels, Elvira</subfield>
  </datafield>
  <datafield tag="500" ind1="1" ind2=" ">
    <subfield code="w">nnnc</subfield>
    <subfield code="a">Stümke, Hans-Georg,</subfield>
    <subfield code="d">1941-2002</subfield>
  </datafield>
  <datafield tag="663" ind1=" " ind2=" ">
    <subfield code="a">For works of this author written under other names, search also under</subfield>
    <subfield code="b">Stümke, Hans-Georg, 1941-2002</subfield>
  </datafield>
  <datafield tag="670" ind1=" " ind2=" ">
    <subfield code="a">Elvira auf Gran Canaria, c1994:</subfield>
    <subfield code="b">t.p. (Elvira Klöppelschuh)</subfield>
  </datafield>
  <datafield tag="670" ind1=" " ind2=" ">
    <subfield code="a">Deutsche Nationalbibliothek, November 30, 2015</subfield>
    <subfield code="b">(Elvira Klöppelschuh; real name: Stümke, Hans-Georg; 1941-2002; variant name: Totterheels, Elvira)</subfield>
  </datafield>
  <datafield tag="985" ind1=" " ind2=" ">
    <subfield code="c">RLG</subfield>
    <subfield code="e">LSPC</subfield>
  </datafield>
</record>