
<record>
  <leader>01094cz  a2200265n  4500</leader>
  <controlfield tag="001">887388</controlfield>
  <controlfield tag="003">DLC</controlfield>
  <controlfield tag="005">20200103020707.0</controlfield>
  <controlfield tag="008">970821n| azannaabn          |a aaa      </controlfield>
  <datafield tag="010" ind1=" " ind2=" ">
    <subfield code="a">n  97921465 </subfield>
  </datafield>
  <datafield tag="035" ind1=" " ind2=" ">
    <subfield code="a">(OCoLC)oca04440914</subfield>
  </datafield>
  <datafield tag="040" ind1=" " ind2=" ">
    <subfield code="a">DLC</subfield>
    <subfield code="b">eng</subfield>
    <subfield code="e">rda</subfield>
    <subfield code="c">DLC</subfield>
    <subfield code="d">DLC-ON</subfield>
    <subfield code="d">OCoLC</subfield>
    <subfield code="d">InU</subfield>
    <subfield code="d">DLC</subfield>
  </datafield>
  <datafield tag="046" ind1=" " ind2=" ">
    <subfield code="f">1951-07-04</subfield>
    <subfield code="2">edtf</subfield>
  </datafield>
  <datafield tag="053" ind1=" " ind2="0">
    <subfield code="a">PK2098.16.A4</subfield>
    <subfield code="c">Hindi</subfield>
  </datafield>
  <datafield tag="100" ind1="1" ind2=" ">
    <subfield code="a">Cakravartī, Paritosha,</subfield>
    <subfield code="d">1951-</subfield>
  </datafield>
  <datafield tag="370" ind1=" " ind2=" ">
    <subfield code="f">Bilāspur (Chhattīsgarh, India)</subfield>
    <subfield code="2">naf</subfield>
  </datafield>
  <datafield tag="372" ind1=" " ind2=" ">
    <subfield code="a">Journalism</subfield>
    <subfield code="2">lcsh</subfield>
  </datafield>
  <datafield tag="373" ind1=" " ind2=" ">
    <subfield code="a">South Eastern Coalfields Ltd.</subfield>
  </datafield>
  <datafield tag="375" ind1=" " ind2=" ">
    <subfield code="a">Males</subfield>
    <subfield code="2">lcdgt</subfield>
  </datafield>
  <datafield tag="377" ind1=" " ind2=" ">
    <subfield code="a">hin</subfield>
  </datafield>
  <datafield tag="400" ind1="0" ind2=" ">
    <subfield code="a">Paritosha Cakravartī,</subfield>
    <subfield code="d">1951-</subfield>
  </datafield>
  <datafield tag="400" ind1="1" ind2=" ">
    <subfield code="a">Chakravarty, Paritosh,</subfield>
    <subfield code="d">1951-</subfield>
  </datafield>
  <datafield tag="400" ind1="1" ind2=" ">
    <subfield code="a">Chakrabarti, Paritosh,</subfield>
    <subfield code="d">1951-</subfield>
  </datafield>
  <datafield tag="670" ind1=" " ind2=" ">
    <subfield code="a">Aksharoṃ kī nāva, 1996:</subfield>
    <subfield code="b">t.p. (Paritosha Cakravartī) t.p. verso (Paritosh Chakravarty) jkt. (M.A. (sociol., bachelor of journalism; chief, mass communications, South Eastern Coalfields Ltd., Bilaspur; b. 4/7/1951)</subfield>
  </datafield>
  <datafield tag="670" ind1=" " ind2=" ">
    <subfield code="a">Chattīsagaṛha kī patrakāritā, hamāre purodhā, 2017:</subfield>
    <subfield code="b">t.p. (Pāritosha Cakravartī) t.p. verso (Paritosh Chakrabarti)</subfield>
  </datafield>
</record>