
<record>
  <leader>01021cz  a2200193n  4500</leader>
  <controlfield tag="001">910398</controlfield>
  <controlfield tag="003">DLC</controlfield>
  <controlfield tag="005">20200103073239.0</controlfield>
  <controlfield tag="008">981015n| azannaabn          |n aaa      </controlfield>
  <datafield tag="010" ind1=" " ind2=" ">
    <subfield code="a">n  98092535 </subfield>
  </datafield>
  <datafield tag="035" ind1=" " ind2=" ">
    <subfield code="a">(OCoLC)oca04838709</subfield>
  </datafield>
  <datafield tag="040" ind1=" " ind2=" ">
    <subfield code="a">DLC</subfield>
    <subfield code="b">eng</subfield>
    <subfield code="e">rda</subfield>
    <subfield code="c">DLC</subfield>
    <subfield code="d">IEN</subfield>
    <subfield code="d">DLC</subfield>
    <subfield code="d">DNLM</subfield>
  </datafield>
  <datafield tag="046" ind1=" " ind2=" ">
    <subfield code="f">1960</subfield>
    <subfield code="2">edtf</subfield>
  </datafield>
  <datafield tag="100" ind1="1" ind2=" ">
    <subfield code="a">Willems, Ulrich</subfield>
  </datafield>
  <datafield tag="670" ind1=" " ind2=" ">
    <subfield code="a">Entwicklung, Interesse und Moral, 1998:</subfield>
    <subfield code="b">t.p. (Ulrich Willems)</subfield>
  </datafield>
  <datafield tag="670" ind1=" " ind2=" ">
    <subfield code="a">Demokratie und Politik in der Bundesrepublik 1949-1999, 2001:</subfield>
    <subfield code="b">p. 245 (Assistant Lecturer, Institut für Politische Wissenschaft at the Universität Hamburg)</subfield>
  </datafield>
  <datafield tag="670" ind1=" " ind2=" ">
    <subfield code="a">Demokratie auf dem Prüfstand, 2002:</subfield>
    <subfield code="b">t.p. (Ulrich Willems) p. 230 (b. 1960)</subfield>
  </datafield>
  <datafield tag="670" ind1=" " ind2=" ">
    <subfield code="a">Religion and biopolitics, 2020:</subfield>
    <subfield code="b">t.p. (Ulrich Willems) p. xiv (Professor of Politics, Institute of Political Science, Westfälische Wilhelms Universität Münster and Principal Investigator at the Cluster of Excellence &quot;Religion and Politics&quot;; completed his habilitation at the University of Hamburg in 2008)</subfield>
  </datafield>
  <datafield tag="953" ind1=" " ind2=" ">
    <subfield code="a">sh20</subfield>
    <subfield code="b">sc19</subfield>
  </datafield>
</record>