
<record>
  <leader>00478cz  a2200169n  4500</leader>
  <controlfield tag="001">926096</controlfield>
  <controlfield tag="003">DLC</controlfield>
  <controlfield tag="005">20200103070049.0</controlfield>
  <controlfield tag="008">990419n| acannaabn          |a aaa      </controlfield>
  <datafield tag="010" ind1=" " ind2=" ">
    <subfield code="a">n  99030375 </subfield>
  </datafield>
  <datafield tag="035" ind1=" " ind2=" ">
    <subfield code="a">(OCoLC)oca04969049</subfield>
  </datafield>
  <datafield tag="040" ind1=" " ind2=" ">
    <subfield code="a">DLC</subfield>
    <subfield code="b">eng</subfield>
    <subfield code="c">DLC</subfield>
    <subfield code="d">OCoLC</subfield>
  </datafield>
  <datafield tag="100" ind1="1" ind2=" ">
    <subfield code="a">León, Emma</subfield>
  </datafield>
  <datafield tag="400" ind1="1" ind2=" ">
    <subfield code="a">León Vega, Emma</subfield>
  </datafield>
  <datafield tag="400" ind1="1" ind2=" ">
    <subfield code="a">Vega, Emma León</subfield>
  </datafield>
  <datafield tag="670" ind1=" " ind2=" ">
    <subfield code="a">Subjetividad : umbrales del pensamiento social, 1997:</subfield>
    <subfield code="b">t.p. (Emma Léon) p. 171 (Emma León Vega)</subfield>
  </datafield>
  <datafield tag="953" ind1=" " ind2=" ">
    <subfield code="a">sb02</subfield>
  </datafield>
</record>