
<record>
  <leader>01877cz  a2200217n  4500</leader>
  <controlfield tag="001">935293</controlfield>
  <controlfield tag="003">DLC</controlfield>
  <controlfield tag="005">20200103073217.0</controlfield>
  <controlfield tag="008">800414n| azannaabn          |n aaa      </controlfield>
  <datafield tag="010" ind1=" " ind2=" ">
    <subfield code="a">n  50013664 </subfield>
  </datafield>
  <datafield tag="035" ind1=" " ind2=" ">
    <subfield code="a">(OCoLC)oca00049142</subfield>
  </datafield>
  <datafield tag="040" ind1=" " ind2=" ">
    <subfield code="a">DLC</subfield>
    <subfield code="b">eng</subfield>
    <subfield code="e">rda</subfield>
    <subfield code="c">DLC</subfield>
    <subfield code="d">InU</subfield>
    <subfield code="d">OU</subfield>
  </datafield>
  <datafield tag="046" ind1=" " ind2=" ">
    <subfield code="f">1907-09-20</subfield>
    <subfield code="g">1981-10-02</subfield>
    <subfield code="2">edtf</subfield>
  </datafield>
  <datafield tag="100" ind1="1" ind2=" ">
    <subfield code="a">Meinhold, Peter,</subfield>
    <subfield code="d">1907-1981</subfield>
  </datafield>
  <datafield tag="370" ind1=" " ind2=" ">
    <subfield code="a">Berlin (Germany)</subfield>
    <subfield code="b">Salzkotten (Germany)</subfield>
    <subfield code="2">naf</subfield>
  </datafield>
  <datafield tag="374" ind1=" " ind2=" ">
    <subfield code="a">Church historians</subfield>
    <subfield code="a">Theologians</subfield>
    <subfield code="a">College teachers</subfield>
    <subfield code="2">lcsh</subfield>
  </datafield>
  <datafield tag="375" ind1=" " ind2=" ">
    <subfield code="a">Males</subfield>
    <subfield code="2">lcdgt</subfield>
  </datafield>
  <datafield tag="670" ind1=" " ind2=" ">
    <subfield code="a">Die Genesisvorlesung Luthers und ihre herausgeber, 1936:</subfield>
    <subfield code="b">title page (Peter Meinhold)</subfield>
  </datafield>
  <datafield tag="670" ind1=" " ind2=" ">
    <subfield code="a">Wikidata via Wikipedia, January 2, 2020</subfield>
    <subfield code="b">(alias: Peter Meinhold; GND identifier: 118580191; LCAuth identifier: n50013664; VIAF identifier: 111480902; instance of: human; sex or gender: male; country of citizenship: Germany; date of birth: +1907-09-20T00:00:00Z; date of death: +1981-10-02T00:00:00Z; occupation: church historian, theologian, university teacher; employer: University of Kiel; given name: Peter; NTA identifier (Netherlands): 070828075; member of political party: Nazi Party; BAV (Vatican Library) identifier: ADV10135404; ISNI (P213): 0000000116990043; NLI (Israel) identifier: 000281403; NLA identifier: 35730956; place of birth: Berlin; languages spoken or published: German; place of death: Salzkotten; SHARE Catalogue author ID (P3987): 177783; surname: Meinhold; FAST-ID: 4196; Angelicum author ID (P5731): 54661; SUDOC authorities: 074465295; NKC identifier: skuk0004046; PUSC author ID (P5739): 52644; Brockhaus Enzyklop\u00e4die online ID (P5019): meinhold-peter; description/label: deutscher evangelischer Theologe und Kirchenhistoriker, Duits kerkhistoricus , German church historian and theologian, professor académico alemão, tysk professor)</subfield>
    <subfield code="u">http://www.wikidata.org/entity/Q15550076</subfield>
  </datafield>
  <datafield tag="952" ind1=" " ind2=" ">
    <subfield code="a">RETRO</subfield>
  </datafield>
  <datafield tag="953" ind1=" " ind2=" ">
    <subfield code="a">xx00</subfield>
  </datafield>
</record>