
<record>
  <leader>01330cz  a2200277n  4500</leader>
  <controlfield tag="001">937858</controlfield>
  <controlfield tag="003">DLC</controlfield>
  <controlfield tag="005">20200103073217.0</controlfield>
  <controlfield tag="008">800805n| azannaabn          |a aaa      </controlfield>
  <datafield tag="010" ind1=" " ind2=" ">
    <subfield code="a">n  50039884 </subfield>
  </datafield>
  <datafield tag="035" ind1=" " ind2=" ">
    <subfield code="a">(OCoLC)oca00075092</subfield>
  </datafield>
  <datafield tag="040" ind1=" " ind2=" ">
    <subfield code="a">DLC</subfield>
    <subfield code="b">eng</subfield>
    <subfield code="e">rda</subfield>
    <subfield code="c">DLC</subfield>
    <subfield code="d">DLC</subfield>
    <subfield code="d">InU</subfield>
    <subfield code="d">DLC</subfield>
    <subfield code="d">UPB</subfield>
  </datafield>
  <datafield tag="046" ind1=" " ind2=" ">
    <subfield code="f">1919-04-18</subfield>
    <subfield code="g">1999-04-12</subfield>
    <subfield code="2">edtf</subfield>
  </datafield>
  <datafield tag="100" ind1="1" ind2=" ">
    <subfield code="a">Jordan, John Emory,</subfield>
    <subfield code="d">1919-1999</subfield>
  </datafield>
  <datafield tag="370" ind1=" " ind2=" ">
    <subfield code="a">Richmond (Va.)</subfield>
    <subfield code="2">naf</subfield>
  </datafield>
  <datafield tag="372" ind1=" " ind2=" ">
    <subfield code="a">British literature</subfield>
    <subfield code="a">Romanticism--Great Britain</subfield>
    <subfield code="2">lcsh</subfield>
  </datafield>
  <datafield tag="373" ind1=" " ind2=" ">
    <subfield code="a">University of California, Berkeley</subfield>
    <subfield code="2">naf</subfield>
  </datafield>
  <datafield tag="374" ind1=" " ind2=" ">
    <subfield code="a">Authors</subfield>
    <subfield code="a">College teachers</subfield>
    <subfield code="2">lcsh</subfield>
  </datafield>
  <datafield tag="375" ind1=" " ind2=" ">
    <subfield code="a">Males</subfield>
    <subfield code="2">lcdgt</subfield>
  </datafield>
  <datafield tag="377" ind1=" " ind2=" ">
    <subfield code="a">eng</subfield>
  </datafield>
  <datafield tag="400" ind1="1" ind2=" ">
    <subfield code="a">Jordan, John E.</subfield>
    <subfield code="q">(John Emory),</subfield>
    <subfield code="d">1919-1999</subfield>
  </datafield>
  <datafield tag="670" ind1=" " ind2=" ">
    <subfield code="a">His Thomas de Quincey, literary critic ... 1952.</subfield>
  </datafield>
  <datafield tag="670" ind1=" " ind2=" ">
    <subfield code="a">Wordsworth, W. Peter Bell, 1985:</subfield>
    <subfield code="b">t.p. (John E. Jordan)</subfield>
  </datafield>
  <datafield tag="670" ind1=" " ind2=" ">
    <subfield code="a">University of California Academic Senate. University of California: in memoriam, online, 19 July 2012</subfield>
    <subfield code="b">2001 (John Emory Jordan, John E. Jordan; b. 18 Apr. 1919 in Richmond, VA; d. 12 Apr. 1999; B.A. in English from Univ. of Richmond in 1940, M.A. (1942) and Ph.D. (1947) from Johns Hopkins Univ.; prof. of English, chair of English Dept., Asst. VP for Academic Affairs at UC Berkeley; scholar of the Romantic Period, with works on Wordsworth and De Quincey)</subfield>
  </datafield>
  <datafield tag="952" ind1=" " ind2=" ">
    <subfield code="a">RETRO</subfield>
  </datafield>
  <datafield tag="953" ind1=" " ind2=" ">
    <subfield code="a">xx00</subfield>
    <subfield code="b">bv11</subfield>
  </datafield>
</record>