
<record>
  <leader>00592cz  a2200181n  4500</leader>
  <controlfield tag="001">948096</controlfield>
  <controlfield tag="003">DLC</controlfield>
  <controlfield tag="005">20200103144209.0</controlfield>
  <controlfield tag="008">780720n| azannaabn          |n aaa      </controlfield>
  <datafield tag="010" ind1=" " ind2=" ">
    <subfield code="a">n  78044024 </subfield>
  </datafield>
  <datafield tag="035" ind1=" " ind2=" ">
    <subfield code="a">(OCoLC)oca00179941</subfield>
  </datafield>
  <datafield tag="040" ind1=" " ind2=" ">
    <subfield code="a">DLC</subfield>
    <subfield code="b">eng</subfield>
    <subfield code="c">DLC</subfield>
    <subfield code="e">rda</subfield>
    <subfield code="d">DLC</subfield>
    <subfield code="d">OCoLC</subfield>
    <subfield code="d">DLC</subfield>
  </datafield>
  <datafield tag="046" ind1=" " ind2=" ">
    <subfield code="f">1942</subfield>
    <subfield code="2">edtf</subfield>
  </datafield>
  <datafield tag="053" ind1=" " ind2="0">
    <subfield code="a">PH3291.N297</subfield>
  </datafield>
  <datafield tag="100" ind1="1" ind2=" ">
    <subfield code="a">Nádas, Péter,</subfield>
    <subfield code="d">1942-</subfield>
  </datafield>
  <datafield tag="670" ind1=" " ind2=" ">
    <subfield code="a">His Egy családregény ... 1977:</subfield>
    <subfield code="b">t.p. (Nádas Péter) jkt. (b. 1942)</subfield>
  </datafield>
  <datafield tag="670" ind1=" " ind2=" ">
    <subfield code="a">Az élet sója, 2016:</subfield>
    <subfield code="b">t.p. (Nádas Péter) jkt. (b. 1942, Budapest; lives in Gombosszeg [Hungary])</subfield>
  </datafield>
  <datafield tag="953" ind1=" " ind2=" ">
    <subfield code="a">ec08</subfield>
    <subfield code="b">fc15</subfield>
  </datafield>
</record>