
<record>
  <leader>01461cz  a2200313n  4500</leader>
  <controlfield tag="001">955127</controlfield>
  <controlfield tag="003">DLC</controlfield>
  <controlfield tag="005">20200103184236.0</controlfield>
  <controlfield tag="008">790313n| azannaabn          |b aaa      </controlfield>
  <datafield tag="010" ind1=" " ind2=" ">
    <subfield code="a">n  79018974 </subfield>
    <subfield code="z">n  85039670 </subfield>
    <subfield code="z">n  85258685 </subfield>
  </datafield>
  <datafield tag="035" ind1=" " ind2=" ">
    <subfield code="a">(OCoLC)oca00252818</subfield>
  </datafield>
  <datafield tag="040" ind1=" " ind2=" ">
    <subfield code="a">DLC</subfield>
    <subfield code="b">eng</subfield>
    <subfield code="e">rda</subfield>
    <subfield code="c">DLC</subfield>
    <subfield code="d">DLC</subfield>
    <subfield code="d">OCoLC</subfield>
    <subfield code="d">DLC</subfield>
    <subfield code="d">InU</subfield>
    <subfield code="d">DLC</subfield>
  </datafield>
  <datafield tag="046" ind1=" " ind2=" ">
    <subfield code="f">1935-06-12</subfield>
    <subfield code="2">edtf</subfield>
  </datafield>
  <datafield tag="053" ind1=" " ind2="0">
    <subfield code="a">PS3568.O39</subfield>
  </datafield>
  <datafield tag="100" ind1="1" ind2=" ">
    <subfield code="a">Gardner, Barbara,</subfield>
    <subfield code="d">1935-</subfield>
  </datafield>
  <datafield tag="400" ind1="1" ind2=" ">
    <subfield code="w">nne</subfield>
    <subfield code="a">Rogers, Barbara,</subfield>
    <subfield code="d">1935-</subfield>
  </datafield>
  <datafield tag="400" ind1="1" ind2=" ">
    <subfield code="w">nne</subfield>
    <subfield code="a">Rogers-Gardner, Barbara J.,</subfield>
    <subfield code="d">1935-</subfield>
  </datafield>
  <datafield tag="400" ind1="1" ind2=" ">
    <subfield code="a">Rojāzu-Gādonā, B.,</subfield>
    <subfield code="d">1935-</subfield>
  </datafield>
  <datafield tag="400" ind1="1" ind2=" ">
    <subfield code="a">Rojāzu-Gādonā, Bābara,</subfield>
    <subfield code="d">1935-</subfield>
  </datafield>
  <datafield tag="400" ind1="1" ind2=" ">
    <subfield code="a">ロジャーズ=ガードナー B.,</subfield>
    <subfield code="d">1935-</subfield>
  </datafield>
  <datafield tag="400" ind1="1" ind2=" ">
    <subfield code="a">ロジャーズ=ガードナー バーバラ,</subfield>
    <subfield code="d">1935-</subfield>
  </datafield>
  <datafield tag="667" ind1=" " ind2=" ">
    <subfield code="a">Non-Latin script reference not evaluated</subfield>
  </datafield>
  <datafield tag="670" ind1=" " ind2=" ">
    <subfield code="a">Her The doomsday scroll, c1979:</subfield>
    <subfield code="b">t.p. (Barbara Rogers)</subfield>
  </datafield>
  <datafield tag="670" ind1=" " ind2=" ">
    <subfield code="a">Phone call from Dodd, Mead, 2/1/79</subfield>
    <subfield code="b">(Barbara J. Rogers, b. 1935)</subfield>
  </datafield>
  <datafield tag="670" ind1=" " ind2=" ">
    <subfield code="a">Her In the center, c1983:</subfield>
    <subfield code="b">t.p. (Barbara J. Rogers)</subfield>
  </datafield>
  <datafield tag="670" ind1=" " ind2=" ">
    <subfield code="a">Maloney, G.A. Loving the Christ in you, c197:</subfield>
    <subfield code="b">CIP t.p. (Barbara J. Rogers-Gardner) data sheet (b. June 12, 1935)</subfield>
  </datafield>
  <datafield tag="670" ind1=" " ind2=" ">
    <subfield code="a">The Sai prophecy, 1997:</subfield>
    <subfield code="b">CIP t.p. (Barbara Gardner) \data sheet (b. June 12, 1935)</subfield>
  </datafield>
  <datafield tag="670" ind1=" " ind2=" ">
    <subfield code="a">Yungu to Sheikusupia, 1996:</subfield>
    <subfield code="b">t.p. (B. ロジャーズ=ガードナー = B. Rojāzu-Gādonā) p. 224 (バーバラ・ロジャーズ=ガードナー = Bābara Rojāzu-Gādonā)</subfield>
  </datafield>
  <datafield tag="953" ind1=" " ind2=" ">
    <subfield code="a">ba19</subfield>
    <subfield code="b">ta30</subfield>
  </datafield>
</record>