
<record>
  <leader>01039cz  a2200229n  4500</leader>
  <controlfield tag="001">962131</controlfield>
  <controlfield tag="003">DLC</controlfield>
  <controlfield tag="005">20200103091911.0</controlfield>
  <controlfield tag="008">790817n| azannaab           |a aaa      </controlfield>
  <datafield tag="010" ind1=" " ind2=" ">
    <subfield code="a">n  79092354 </subfield>
  </datafield>
  <datafield tag="035" ind1=" " ind2=" ">
    <subfield code="a">(DLC)n  79092354</subfield>
  </datafield>
  <datafield tag="040" ind1=" " ind2=" ">
    <subfield code="a">DLC</subfield>
    <subfield code="c">DLC</subfield>
    <subfield code="d">DLC</subfield>
    <subfield code="e">rda</subfield>
  </datafield>
  <datafield tag="100" ind1="1" ind2=" ">
    <subfield code="a">Rodrigues, Gonzaga,</subfield>
    <subfield code="d">1933-</subfield>
  </datafield>
  <datafield tag="370" ind1=" " ind2=" ">
    <subfield code="a">Areia (Paraíba, Brazil)</subfield>
    <subfield code="e">João Pessoa (Paraíba, Brazil)</subfield>
    <subfield code="2">naf</subfield>
  </datafield>
  <datafield tag="374" ind1=" " ind2=" ">
    <subfield code="a">Journalists</subfield>
    <subfield code="2">lcsh</subfield>
  </datafield>
  <datafield tag="377" ind1=" " ind2=" ">
    <subfield code="a">por</subfield>
  </datafield>
  <datafield tag="378" ind1=" " ind2=" ">
    <subfield code="q">Luiz Gonzaga</subfield>
  </datafield>
  <datafield tag="400" ind1="1" ind2=" ">
    <subfield code="a">Rodrigues, Luiz Gonzaga,</subfield>
    <subfield code="d">1933-</subfield>
  </datafield>
  <datafield tag="670" ind1=" " ind2=" ">
    <subfield code="a">His Notas do meu lugar, 1978:</subfield>
    <subfield code="b">t.p. (Gonzaga Rodrigues) in CIP entry, p. 4 (Rodrigues, Luiz Gonzaga, 1933-)</subfield>
  </datafield>
  <datafield tag="670" ind1=" " ind2=" ">
    <subfield code="a">Gonzaga Rodrigues, dezembro de 200:</subfield>
    <subfield code="b">p. 9 (jornalista Gonzaga Rodrigues)</subfield>
  </datafield>
  <datafield tag="670" ind1=" " ind2=" ">
    <subfield code="a">Paraíba Criativa www, viewed Jan. 3, 2020:</subfield>
    <subfield code="b">(Luiz Gonzaga Rodrigues, knonwn as Gonzaga Rodrigues; writer and journalist, b. June 21, 1933 in Areia-PB; lived in Alagoa Nova and Campina Grande, PB moved to João Pessoa, PB in the 50 ths&apos;; worked at jornal A União; writes since 1970)</subfield>
  </datafield>
  <datafield tag="953" ind1=" " ind2=" ">
    <subfield code="a">bh51</subfield>
    <subfield code="b">wr07</subfield>
  </datafield>
</record>