
<record>
  <leader>00693cz  a2200205n  4500</leader>
  <controlfield tag="001">966971</controlfield>
  <controlfield tag="003">DLC</controlfield>
  <controlfield tag="005">20200103073226.0</controlfield>
  <controlfield tag="008">791213n| azannaabn          |b aaa      </controlfield>
  <datafield tag="010" ind1=" " ind2=" ">
    <subfield code="a">n  79143304 </subfield>
  </datafield>
  <datafield tag="035" ind1=" " ind2=" ">
    <subfield code="a">(OCoLC)oca00374475</subfield>
  </datafield>
  <datafield tag="040" ind1=" " ind2=" ">
    <subfield code="a">DLC</subfield>
    <subfield code="b">eng</subfield>
    <subfield code="e">rda</subfield>
    <subfield code="c">DLC</subfield>
    <subfield code="d">DLC</subfield>
    <subfield code="d">InU</subfield>
  </datafield>
  <datafield tag="100" ind1="1" ind2=" ">
    <subfield code="a">Boguslavskai︠a︡, Z.</subfield>
    <subfield code="q">(Zoi︠a︡),</subfield>
    <subfield code="d">1924-</subfield>
    <subfield code="t">Zashchita.</subfield>
    <subfield code="l">French</subfield>
  </datafield>
  <datafield tag="377" ind1=" " ind2=" ">
    <subfield code="a">fre</subfield>
  </datafield>
  <datafield tag="381" ind1=" " ind2=" ">
    <subfield code="a">Translations</subfield>
    <subfield code="2">lcsh</subfield>
  </datafield>
  <datafield tag="400" ind1="1" ind2=" ">
    <subfield code="a">Богуславская, З.</subfield>
    <subfield code="q">(Зоя),</subfield>
    <subfield code="d">1924-</subfield>
    <subfield code="t">Защита.</subfield>
    <subfield code="l">French</subfield>
  </datafield>
  <datafield tag="400" ind1="1" ind2=" ">
    <subfield code="a">Boguslavskai︠a︡, Z.</subfield>
    <subfield code="q">(Zoi︠a︡),</subfield>
    <subfield code="d">1924-</subfield>
    <subfield code="t">Double crime à Moscou</subfield>
  </datafield>
  <datafield tag="667" ind1=" " ind2=" ">
    <subfield code="a">Non-Latin script reference not evaluated.</subfield>
  </datafield>
  <datafield tag="670" ind1=" " ind2=" ">
    <subfield code="a">Her Double crime à Moscou, 1979.</subfield>
  </datafield>
  <datafield tag="953" ind1=" " ind2=" ">
    <subfield code="a">eb03</subfield>
  </datafield>
</record>