
<record>
  <leader>01963cz  a2200349n  4500</leader>
  <controlfield tag="001">974464</controlfield>
  <controlfield tag="003">DLC</controlfield>
  <controlfield tag="005">20200103073227.0</controlfield>
  <controlfield tag="008">800717nn azannaabn          |b aaa      </controlfield>
  <datafield tag="010" ind1=" " ind2=" ">
    <subfield code="a">n  80070554 </subfield>
    <subfield code="z">n 2010041129</subfield>
  </datafield>
  <datafield tag="035" ind1=" " ind2=" ">
    <subfield code="a">(OCoLC)oca00452040</subfield>
  </datafield>
  <datafield tag="040" ind1=" " ind2=" ">
    <subfield code="a">DLC</subfield>
    <subfield code="b">eng</subfield>
    <subfield code="e">rda</subfield>
    <subfield code="c">DLC</subfield>
    <subfield code="d">DLC</subfield>
    <subfield code="d">OCoLC</subfield>
    <subfield code="d">DLC</subfield>
    <subfield code="d">WaU</subfield>
    <subfield code="d">DLC</subfield>
    <subfield code="d">OCoLC</subfield>
    <subfield code="d">CU-SB</subfield>
    <subfield code="d">DLC</subfield>
    <subfield code="d">IEN</subfield>
    <subfield code="d">InU</subfield>
    <subfield code="d">IEN</subfield>
    <subfield code="d">NNU</subfield>
    <subfield code="d">MH</subfield>
  </datafield>
  <datafield tag="046" ind1=" " ind2=" ">
    <subfield code="f">19400206</subfield>
  </datafield>
  <datafield tag="100" ind1="1" ind2=" ">
    <subfield code="a">Tu, Weiming,</subfield>
    <subfield code="d">1940-</subfield>
  </datafield>
  <datafield tag="400" ind1="1" ind2=" ">
    <subfield code="a">Tu, Wei-ming,</subfield>
    <subfield code="d">1940-</subfield>
  </datafield>
  <datafield tag="400" ind1="1" ind2=" ">
    <subfield code="a">Wei-ming, Tu,</subfield>
    <subfield code="d">1940-</subfield>
  </datafield>
  <datafield tag="400" ind1="1" ind2=" ">
    <subfield code="a">Du, Weiming,</subfield>
    <subfield code="d">1940-</subfield>
  </datafield>
  <datafield tag="400" ind1="1" ind2=" ">
    <subfield code="a">Weiming, Tu,</subfield>
    <subfield code="d">1940-</subfield>
  </datafield>
  <datafield tag="400" ind1="1" ind2=" ">
    <subfield code="w">nne</subfield>
    <subfield code="a">Weiming, Tu</subfield>
  </datafield>
  <datafield tag="400" ind1="1" ind2=" ">
    <subfield code="a">杜維明,</subfield>
    <subfield code="d">1940-</subfield>
  </datafield>
  <datafield tag="400" ind1="1" ind2=" ">
    <subfield code="a">杜维明,</subfield>
    <subfield code="d">1940-</subfield>
  </datafield>
  <datafield tag="667" ind1=" " ind2=" ">
    <subfield code="a">Machine-derived non-Latin script reference project.</subfield>
  </datafield>
  <datafield tag="667" ind1=" " ind2=" ">
    <subfield code="a">Non-Latin script references not evaluated.</subfield>
  </datafield>
  <datafield tag="667" ind1=" " ind2=" ">
    <subfield code="a">Non-Latin script references reviewed in NACO CJK Funnel References Project.</subfield>
  </datafield>
  <datafield tag="670" ind1=" " ind2=" ">
    <subfield code="a">Liu, J. T. C. Traditional China, 1970.</subfield>
  </datafield>
  <datafield tag="670" ind1=" " ind2=" ">
    <subfield code="a">Biog. resource center (Contemp. authors), Sept. 21, 2004</subfield>
    <subfield code="b">(Wei-ming Tu; b. Feb. 6, 1940, Kunming, China; naturalized U.S. citizen, 1976; University of California, Berkeley, associate professor of history, 1973- )</subfield>
  </datafield>
  <datafield tag="670" ind1=" " ind2=" ">
    <subfield code="a">Harvard-Yenching Institute staff Web site, Sept. 21, 2004</subfield>
    <subfield code="b">(Tu Weiming, director; Professor Tu taught Chinese intellectual history at Princeton University (1967-71) and University of California at Berkeley (1971-81) before joining Harvard as Professor of Chinese History and Philosophy in 1981; was director of the Institute of Culture and Communication, East-West Center, Honolulu, Hawaii from 1990-1991; published in Chinese and English)</subfield>
  </datafield>
  <datafield tag="670" ind1=" " ind2=" ">
    <subfield code="a">LCCN 2003005752: Confucian spirituality, 2003-2004</subfield>
    <subfield code="b">(usage: edited by Tu Weiming)</subfield>
  </datafield>
  <datafield tag="670" ind1=" " ind2=" ">
    <subfield code="a">Governance of life in Chinese moral experience, 2011:</subfield>
    <subfield code="b">ECIP t.p. (Tu Weiming)</subfield>
  </datafield>
  <datafield tag="670" ind1=" " ind2=" ">
    <subfield code="a">OCLC #21674573, January 2, 2020</subfield>
    <subfield code="b">(access point: 杜維明, 1940- = Tu, Weiming, 1940- ; usage: 杜維明 = Du Weiming)</subfield>
  </datafield>
  <datafield tag="952" ind1=" " ind2=" ">
    <subfield code="a">RETRO</subfield>
  </datafield>
  <datafield tag="953" ind1=" " ind2=" ">
    <subfield code="b">ec01</subfield>
  </datafield>
</record>