
<record>
  <leader>01170cz  a2200301n  4500</leader>
  <controlfield tag="001">979433</controlfield>
  <controlfield tag="003">DLC</controlfield>
  <controlfield tag="005">20200103073221.0</controlfield>
  <controlfield tag="008">800924n| azannaabn          |b aaa      </controlfield>
  <datafield tag="010" ind1=" " ind2=" ">
    <subfield code="a">n  80123024 </subfield>
  </datafield>
  <datafield tag="035" ind1=" " ind2=" ">
    <subfield code="a">(OCoLC)oca00503580</subfield>
  </datafield>
  <datafield tag="040" ind1=" " ind2=" ">
    <subfield code="a">DLC</subfield>
    <subfield code="b">eng</subfield>
    <subfield code="e">rda</subfield>
    <subfield code="c">DLC</subfield>
    <subfield code="d">DLC</subfield>
    <subfield code="d">Uk</subfield>
    <subfield code="d">DLC</subfield>
    <subfield code="d">CLU</subfield>
    <subfield code="d">DLC</subfield>
    <subfield code="d">CLU</subfield>
  </datafield>
  <datafield tag="100" ind1="1" ind2=" ">
    <subfield code="a">Ghanalanyan, A. T.</subfield>
    <subfield code="q">(Aram Tigrani)</subfield>
  </datafield>
  <datafield tag="375" ind1=" " ind2=" ">
    <subfield code="a">males</subfield>
    <subfield code="2">lcdgt</subfield>
  </datafield>
  <datafield tag="377" ind1=" " ind2=" ">
    <subfield code="a">arm</subfield>
  </datafield>
  <datafield tag="378" ind1=" " ind2=" ">
    <subfield code="q">Aram Tigrani</subfield>
  </datafield>
  <datafield tag="400" ind1="1" ind2=" ">
    <subfield code="a">Łanalanyan, A. T.</subfield>
    <subfield code="q">(Aram Tigrani)</subfield>
  </datafield>
  <datafield tag="400" ind1="1" ind2=" ">
    <subfield code="a">Ганаланян, Арам Тигранович</subfield>
  </datafield>
  <datafield tag="400" ind1="1" ind2=" ">
    <subfield code="a">Ganalani︠a︡n, Aram Tigranovich</subfield>
  </datafield>
  <datafield tag="400" ind1="1" ind2=" ">
    <subfield code="a">Ghanalanyan, Aram Tigrani</subfield>
  </datafield>
  <datafield tag="400" ind1="1" ind2=" ">
    <subfield code="a">Ганаланян, А. Т.</subfield>
    <subfield code="q">(Арам Тигранович)</subfield>
  </datafield>
  <datafield tag="400" ind1="1" ind2=" ">
    <subfield code="a">Ganalani︠a︡n, A. T.</subfield>
    <subfield code="q">(Aram Tigranovich)</subfield>
  </datafield>
  <datafield tag="400" ind1="1" ind2=" ">
    <subfield code="w">nne</subfield>
    <subfield code="a">Ghanalanian, A. T.</subfield>
    <subfield code="q">(Aram Tigrani)</subfield>
  </datafield>
  <datafield tag="667" ind1=" " ind2=" ">
    <subfield code="a">Non-Latin script reference not evaluated.</subfield>
  </datafield>
  <datafield tag="670" ind1=" " ind2=" ">
    <subfield code="a">Armi︠a︡nskie narodnye skazki, 1965.</subfield>
  </datafield>
  <datafield tag="670" ind1=" " ind2=" ">
    <subfield code="a">Drvagner hay banagitutʻyan patmutʻyan, 1985:</subfield>
    <subfield code="b">t.p. (Aram Ghanalanyan) added t.p., etc. (Aram Ganalani︠a︡n; Ghanalanyan, A.T.; Aram Tigrani Ghanalanyan)</subfield>
  </datafield>
  <datafield tag="670" ind1=" " ind2=" ">
    <subfield code="a">BL S&amp;C, 11 Jan. 2006</subfield>
    <subfield code="b">(A.T. Łanalanyan)</subfield>
  </datafield>
  <datafield tag="952" ind1=" " ind2=" ">
    <subfield code="a">RETRO</subfield>
  </datafield>
</record>