
<record>
  <leader>01107cz  a2200253n  4500</leader>
  <controlfield tag="001">988746</controlfield>
  <controlfield tag="003">DLC</controlfield>
  <controlfield tag="005">20200103073225.0</controlfield>
  <controlfield tag="008">811007n| azannaabn          |b aaa      </controlfield>
  <datafield tag="010" ind1=" " ind2=" ">
    <subfield code="a">n  81053864 </subfield>
  </datafield>
  <datafield tag="035" ind1=" " ind2=" ">
    <subfield code="a">(OCoLC)oca00599354</subfield>
  </datafield>
  <datafield tag="040" ind1=" " ind2=" ">
    <subfield code="a">DLC</subfield>
    <subfield code="b">eng</subfield>
    <subfield code="e">rda</subfield>
    <subfield code="c">DLC</subfield>
    <subfield code="d">NNC</subfield>
    <subfield code="d">Uk</subfield>
    <subfield code="d">DLC</subfield>
    <subfield code="d">WU</subfield>
  </datafield>
  <datafield tag="046" ind1=" " ind2=" ">
    <subfield code="f">1904-10-10</subfield>
    <subfield code="g">1989</subfield>
    <subfield code="2">edtf</subfield>
  </datafield>
  <datafield tag="100" ind1="1" ind2=" ">
    <subfield code="a">Smirnov, E. I.</subfield>
    <subfield code="q">(Efim Ivanovich)</subfield>
  </datafield>
  <datafield tag="370" ind1=" " ind2=" ">
    <subfield code="a">Vladimirskai︠a︡ oblastʹ (Russia)</subfield>
    <subfield code="2">naf</subfield>
  </datafield>
  <datafield tag="400" ind1="1" ind2=" ">
    <subfield code="a">Смирнов, Е. И.</subfield>
    <subfield code="q">(Ефим Иванович)</subfield>
  </datafield>
  <datafield tag="400" ind1="1" ind2=" ">
    <subfield code="w">nnea</subfield>
    <subfield code="a">Smirnov, Efim Ivanovich</subfield>
  </datafield>
  <datafield tag="667" ind1=" " ind2=" ">
    <subfield code="a">Non-Latin script reference not evaluated.</subfield>
  </datafield>
  <datafield tag="670" ind1=" " ind2=" ">
    <subfield code="a">Sovetskie voennye vrachi ... 1946.</subfield>
  </datafield>
  <datafield tag="670" ind1=" " ind2=" ">
    <subfield code="a">Voĭna i voennai︠a︡ medit︠s︡ina, 1979:</subfield>
    <subfield code="b">t.p. (E. I. Smirnov) colophon (Smirnov, Efim Ivanovich)</subfield>
  </datafield>
  <datafield tag="670" ind1=" " ind2=" ">
    <subfield code="a">Frontovoe miloserdie, 1991:</subfield>
    <subfield code="b">t.p. (E.I. Smirnov, general-polkovnik medit︠s︡inskoĭ sluzhby, geroĭ sot︠s︡ialisticheskogo truda) p. opp. t.p. (Efim Ivanovich Smirnov) p. 429 (b. 10 Oct. 1904, Ozerka, Vladimirskai︠a︡ oblastʹ)</subfield>
  </datafield>
  <datafield tag="670" ind1=" " ind2=" ">
    <subfield code="a">Smirnov Efim Ivanovich (1904-1989), 1994</subfield>
  </datafield>
  <datafield tag="952" ind1=" " ind2=" ">
    <subfield code="a">RETRO</subfield>
  </datafield>
  <datafield tag="953" ind1=" " ind2=" ">
    <subfield code="a">xx00</subfield>
  </datafield>
</record>