
<record>
  <leader>01771cz  a2200349n  4500</leader>
  <controlfield tag="001">999612</controlfield>
  <controlfield tag="003">DLC</controlfield>
  <controlfield tag="005">20200103073231.0</controlfield>
  <controlfield tag="008">820315n| azannaabn          |a aaa      </controlfield>
  <datafield tag="010" ind1=" " ind2=" ">
    <subfield code="a">n  82012334 </subfield>
  </datafield>
  <datafield tag="035" ind1=" " ind2=" ">
    <subfield code="a">(OCoLC)oca00709606</subfield>
  </datafield>
  <datafield tag="040" ind1=" " ind2=" ">
    <subfield code="a">DLC</subfield>
    <subfield code="b">eng</subfield>
    <subfield code="c">DLC</subfield>
    <subfield code="d">OCoLC</subfield>
    <subfield code="d">DLC</subfield>
    <subfield code="e">rda</subfield>
    <subfield code="d">DNLM</subfield>
  </datafield>
  <datafield tag="046" ind1=" " ind2=" ">
    <subfield code="f">1833-12-03</subfield>
    <subfield code="g">1915-08-15</subfield>
    <subfield code="2">edtf</subfield>
  </datafield>
  <datafield tag="100" ind1="1" ind2=" ">
    <subfield code="a">Finlay, Carlos J.</subfield>
    <subfield code="q">(Carlos Juan),</subfield>
    <subfield code="d">1833-1915</subfield>
  </datafield>
  <datafield tag="370" ind1=" " ind2=" ">
    <subfield code="c">Cuba</subfield>
    <subfield code="2">naf</subfield>
  </datafield>
  <datafield tag="374" ind1=" " ind2=" ">
    <subfield code="a">Physicians</subfield>
    <subfield code="2">mesh</subfield>
  </datafield>
  <datafield tag="378" ind1=" " ind2=" ">
    <subfield code="q">Carlos Juan</subfield>
  </datafield>
  <datafield tag="400" ind1="1" ind2=" ">
    <subfield code="w">nne</subfield>
    <subfield code="a">Finlay, Carlos Juan,</subfield>
    <subfield code="d">1833-1915</subfield>
  </datafield>
  <datafield tag="400" ind1="1" ind2=" ">
    <subfield code="a">Finlay, Carlos John,</subfield>
    <subfield code="d">1833-1915</subfield>
  </datafield>
  <datafield tag="400" ind1="1" ind2=" ">
    <subfield code="a">Finlay y Barrés, Carlos Juan,</subfield>
    <subfield code="d">1833-1915</subfield>
  </datafield>
  <datafield tag="400" ind1="1" ind2=" ">
    <subfield code="a">Barrés, Carlos Juan Finlay y,</subfield>
    <subfield code="d">1833-1915</subfield>
  </datafield>
  <datafield tag="400" ind1="1" ind2=" ">
    <subfield code="a">Finlay y de Barrés, Carlos Juan,</subfield>
    <subfield code="d">1833-1915</subfield>
  </datafield>
  <datafield tag="400" ind1="1" ind2=" ">
    <subfield code="a">De Barrés, Carlos Juan Finlay y,</subfield>
    <subfield code="d">1833-1915</subfield>
  </datafield>
  <datafield tag="400" ind1="1" ind2=" ">
    <subfield code="a">Finlay, Charles J.</subfield>
    <subfield code="q">(Charles John),</subfield>
    <subfield code="d">1833-1915</subfield>
  </datafield>
  <datafield tag="670" ind1=" " ind2=" ">
    <subfield code="a">Finlay, 1990:</subfield>
    <subfield code="b">t.p. (Finlay) p. 3 (Dr. Carlos J. Finlay)</subfield>
  </datafield>
  <datafield tag="670" ind1=" " ind2=" ">
    <subfield code="a">Method of stamping out yellow fever, 1902 :</subfield>
    <subfield code="b">cover (Charles J. Finlay)</subfield>
  </datafield>
  <datafield tag="670" ind1=" " ind2=" ">
    <subfield code="a">Wikipedia, Mar. 14, 2014 :</subfield>
    <subfield code="b">(hdg: Finlay, Carlos Juan; usage: Carlos Juan Finlay y Barré́́s)</subfield>
  </datafield>
  <datafield tag="670" ind1=" " ind2=" ">
    <subfield code="a">OCLC files, Mar. 14, 2014 :</subfield>
    <subfield code="b">(hdg: Finlay, Carlos Juan; usage: Carlos John Finlay)</subfield>
  </datafield>
  <datafield tag="670" ind1=" " ind2=" ">
    <subfield code="a">WBIS, Mar. 14, 2014 :</subfield>
    <subfield code="b">(hdg: Finlay y de Barres, Carlos Juan)</subfield>
  </datafield>
  <datafield tag="670" ind1=" " ind2=" ">
    <subfield code="a">Carlos J. Finlay y Barres, 1965?:</subfield>
    <subfield code="b">t.p. (Carlos J. Finlay y Barres; b. December 3, 1833 at Puerto Principe (Camaguey); d. August 20, 1915 in Havana; Cuban medical scholar; greaduated Jefferson Medical College of Philadelphia in 1855; ophthalmologist and general practitioner; discovered Aedes aegypti as the mosquito vector for yellow fever; in 1902 became the Head of Sanitation of the Cuban Republic)</subfield>
  </datafield>
  <datafield tag="952" ind1=" " ind2=" ">
    <subfield code="a">RETRO</subfield>
  </datafield>
  <datafield tag="953" ind1=" " ind2=" ">
    <subfield code="a">xx00</subfield>
  </datafield>
</record>