
<record>
  <leader>00938cz  a2200169n  4500</leader>
  <controlfield tag="001">1032824</controlfield>
  <controlfield tag="003">DLC</controlfield>
  <controlfield tag="005">20200103154643.0</controlfield>
  <controlfield tag="008">831114n| azannaab           |a aaa      </controlfield>
  <datafield tag="010" ind1=" " ind2=" ">
    <subfield code="a">n  83211664 </subfield>
  </datafield>
  <datafield tag="035" ind1=" " ind2=" ">
    <subfield code="a">(DLC)n  83211664</subfield>
  </datafield>
  <datafield tag="040" ind1=" " ind2=" ">
    <subfield code="a">DLC</subfield>
    <subfield code="b">eng</subfield>
    <subfield code="e">rda</subfield>
    <subfield code="c">DLC</subfield>
    <subfield code="d">DLC</subfield>
  </datafield>
  <datafield tag="100" ind1="1" ind2=" ">
    <subfield code="a">Kozint︠s︡ev, Grigoriĭ.</subfield>
    <subfield code="t">Essays.</subfield>
    <subfield code="k">Selections</subfield>
  </datafield>
  <datafield tag="400" ind1="1" ind2=" ">
    <subfield code="a">Kozint︠s︡ev, Grigoriĭ.</subfield>
    <subfield code="t">Kritiko-publit︠s︡isticheskie statʹi i vystuplenii︠a︡ ; Zametki ob iskusstve i li︠u︡di︠a︡kh iskusstva</subfield>
  </datafield>
  <datafield tag="400" ind1="1" ind2=" ">
    <subfield code="a">Kozint︠s︡ev, Grigoriĭ.</subfield>
    <subfield code="t">O rezhissure ; O komicheskom, ėkst︠s︡entricheskom i grotesknom iskusstve ; Nash sovremennik Vilʹi︠a︡m Shekspir</subfield>
  </datafield>
  <datafield tag="670" ind1=" " ind2=" ">
    <subfield code="a">His Kritiko-publit︠s︡isticheskie statʹi i vystuplenii︠a︡ ; Zametki ob iskusstve i li︠u︡di︠a︡kh iskusstva, 1983.</subfield>
  </datafield>
  <datafield tag="670" ind1=" " ind2=" ">
    <subfield code="a">His O rezhissure ; O komicheskom, ėkst︠s︡entricheskom i grotesknom iskusstve ; Nash sovremennik Vilʹi︠a︡m Shekspir, 1983.</subfield>
  </datafield>
</record>