
<record>
  <leader>01979cz  a2200385n  4500</leader>
  <controlfield tag="001">1033380</controlfield>
  <controlfield tag="003">DLC</controlfield>
  <controlfield tag="005">20200103073304.0</controlfield>
  <controlfield tag="008">840119nc azannaabn          |b aaa      </controlfield>
  <datafield tag="010" ind1=" " ind2=" ">
    <subfield code="a">n  83219074 </subfield>
    <subfield code="z">n  80054112 </subfield>
    <subfield code="z">nr2002022300</subfield>
  </datafield>
  <datafield tag="035" ind1=" " ind2=" ">
    <subfield code="a">(OCoLC)oca01079957</subfield>
  </datafield>
  <datafield tag="040" ind1=" " ind2=" ">
    <subfield code="a">DLC</subfield>
    <subfield code="b">eng</subfield>
    <subfield code="e">rda</subfield>
    <subfield code="c">DLC</subfield>
    <subfield code="d">DLC</subfield>
    <subfield code="d">DLC-R</subfield>
    <subfield code="d">OCoLC</subfield>
    <subfield code="d">DLC</subfield>
    <subfield code="d">InU</subfield>
    <subfield code="d">MH</subfield>
  </datafield>
  <datafield tag="046" ind1=" " ind2=" ">
    <subfield code="f">1936</subfield>
    <subfield code="g">2007</subfield>
    <subfield code="2">edtf</subfield>
  </datafield>
  <datafield tag="100" ind1="1" ind2=" ">
    <subfield code="a">Tu, Zhaoyan,</subfield>
    <subfield code="d">1936-2007</subfield>
  </datafield>
  <datafield tag="400" ind1="1" ind2=" ">
    <subfield code="w">nne</subfield>
    <subfield code="a">Tʻu, Chao-yen,</subfield>
    <subfield code="d">1936-2007</subfield>
  </datafield>
  <datafield tag="400" ind1="1" ind2=" ">
    <subfield code="a">To, Shōgen,</subfield>
    <subfield code="d">1936-2007</subfield>
  </datafield>
  <datafield tag="400" ind1="1" ind2=" ">
    <subfield code="a">Tō, Tsauen,</subfield>
    <subfield code="d">1936-2007</subfield>
  </datafield>
  <datafield tag="400" ind1="1" ind2=" ">
    <subfield code="a">Twu, Jau-yaun,</subfield>
    <subfield code="d">1936-2007</subfield>
  </datafield>
  <datafield tag="400" ind1="1" ind2=" ">
    <subfield code="a">Twu, Jaw-yann,</subfield>
    <subfield code="d">1936-2007</subfield>
  </datafield>
  <datafield tag="400" ind1="1" ind2=" ">
    <subfield code="a">凃照彥,</subfield>
    <subfield code="d">1936-2007</subfield>
  </datafield>
  <datafield tag="400" ind1="1" ind2=" ">
    <subfield code="a">凃照彦,</subfield>
    <subfield code="d">1936-2007</subfield>
  </datafield>
  <datafield tag="400" ind1="1" ind2=" ">
    <subfield code="a">涂照彥,</subfield>
    <subfield code="d">1936-2007</subfield>
  </datafield>
  <datafield tag="500" ind1="1" ind2=" ">
    <subfield code="a">Muraoka, Teruzō,</subfield>
    <subfield code="d">1936-2007</subfield>
  </datafield>
  <datafield tag="667" ind1=" " ind2=" ">
    <subfield code="a">Machine-derived non-Latin script reference project.</subfield>
  </datafield>
  <datafield tag="667" ind1=" " ind2=" ">
    <subfield code="a">Non-Latin script references not evaluated.</subfield>
  </datafield>
  <datafield tag="667" ind1=" " ind2=" ">
    <subfield code="a">Non-Latin script references reviewed in NACO CJK Funnel References Project.</subfield>
  </datafield>
  <datafield tag="670" ind1=" " ind2=" ">
    <subfield code="a">Gendai no Tōnan Ajia keizai, 1983:</subfield>
    <subfield code="b">t.p. (Tʻu Chao-yen; Jpn rom.: To Shōgen) colophon (r, Tō Tsauen [in katakana]; b. 1936; prof., Niigata Daigaku)</subfield>
  </datafield>
  <datafield tag="670" ind1=" " ind2=" ">
    <subfield code="a">LC manual auth. cd.</subfield>
    <subfield code="b">(hdg.: Tʻu, Chao-yen, 1936- )</subfield>
  </datafield>
  <datafield tag="670" ind1=" " ind2=" ">
    <subfield code="a">Dochaku to kindai no nikkusu Asean, 1987:</subfield>
    <subfield code="b">t.p. (Tō Tsauen) colophon (r [in katakana])</subfield>
  </datafield>
  <datafield tag="670" ind1=" " ind2=" ">
    <subfield code="a">Tōyō shihon shugi, 1990:</subfield>
    <subfield code="b">t.p. (Tō Tsauen) colophon (r [in katakana]; copr. Twu Jaw-yaun [in rom.])</subfield>
  </datafield>
  <datafield tag="670" ind1=" " ind2=" ">
    <subfield code="a">NDL choshamei, 1991</subfield>
    <subfield code="b">(To Shōgen; b. 1936; asst. prof., Nagasaki Kenritsu Kokusai Keizai Daigaku)</subfield>
  </datafield>
  <datafield tag="670" ind1=" " ind2=" ">
    <subfield code="a">Direct investment, changes in the International Division of Labour, and employment, 1998:</subfield>
    <subfield code="b">t.p. (Twu Jaw-Yann, Nagoya University)</subfield>
  </datafield>
  <datafield tag="670" ind1=" " ind2=" ">
    <subfield code="a">Web NDL Authorities home page, Jun 28, 2012:</subfield>
    <subfield code="b">(To Shōgen; Muraoka Teruzō; b. 1936; d. 2007)</subfield>
  </datafield>
  <datafield tag="670" ind1=" " ind2=" ">
    <subfield code="a">OCLC #27752989, January 2, 2020</subfield>
    <subfield code="b">(access point: 凃照彦, 1936-2007 = Tu, Zhaoyan, 1936-2007 ; usage: 凃照彦 = Tu Zhaoyan)</subfield>
  </datafield>
  <datafield tag="953" ind1=" " ind2=" ">
    <subfield code="a">eg06</subfield>
    <subfield code="b">eg13</subfield>
  </datafield>
</record>