
<record>
  <leader>00476cz  a2200157n  4500</leader>
  <controlfield tag="001">1096886</controlfield>
  <controlfield tag="003">DLC</controlfield>
  <controlfield tag="005">20200103155644.0</controlfield>
  <controlfield tag="008">870504n| acannaab           |n aaa     c</controlfield>
  <datafield tag="010" ind1=" " ind2=" ">
    <subfield code="a">n  86053884 </subfield>
  </datafield>
  <datafield tag="035" ind1=" " ind2=" ">
    <subfield code="a">(DLC)n  86053884</subfield>
  </datafield>
  <datafield tag="040" ind1=" " ind2=" ">
    <subfield code="a">MWA</subfield>
    <subfield code="b">eng</subfield>
    <subfield code="c">DLC</subfield>
    <subfield code="d">DLC</subfield>
  </datafield>
  <datafield tag="100" ind1="1" ind2=" ">
    <subfield code="a">Lovechild,</subfield>
    <subfield code="c">Mrs.</subfield>
  </datafield>
  <datafield tag="670" ind1=" " ind2=" ">
    <subfield code="a">Her The girl&apos;s casket, 1848:</subfield>
    <subfield code="b">t.p. (Mrs. Lovechild)</subfield>
  </datafield>
  <datafield tag="670" ind1=" " ind2=" ">
    <subfield code="a">MWA/NAIP files</subfield>
    <subfield code="b">(not the same as Lady Eleanor Fenn, 1743-1813 who used pseudonym Mrs. Lovechild)</subfield>
  </datafield>
  <datafield tag="953" ind1=" " ind2=" ">
    <subfield code="a">bz53</subfield>
  </datafield>
</record>