
<record>
  <leader>00418cz  a2200145n  4500</leader>
  <controlfield tag="001">1103553</controlfield>
  <controlfield tag="003">DLC</controlfield>
  <controlfield tag="005">20200103132748.0</controlfield>
  <controlfield tag="008">860716n| azannaabn          |n aaa     c</controlfield>
  <datafield tag="010" ind1=" " ind2=" ">
    <subfield code="a">n  86138184 </subfield>
  </datafield>
  <datafield tag="035" ind1=" " ind2=" ">
    <subfield code="a">(OCoLC)oca01642291</subfield>
  </datafield>
  <datafield tag="040" ind1=" " ind2=" ">
    <subfield code="a">NjP</subfield>
    <subfield code="b">eng</subfield>
    <subfield code="c">DLC</subfield>
    <subfield code="d">DLC</subfield>
    <subfield code="d">OCoLC</subfield>
    <subfield code="e">rda</subfield>
    <subfield code="d">DLC</subfield>
  </datafield>
  <datafield tag="100" ind1="1" ind2=" ">
    <subfield code="a">Martelli, Stefano</subfield>
  </datafield>
  <datafield tag="670" ind1=" " ind2=" ">
    <subfield code="a">Cipolla, C. Marxismo e religione nella cultura operaia, 1983:</subfield>
    <subfield code="b">t.p. (Stefano Martelli)</subfield>
  </datafield>
  <datafield tag="953" ind1=" " ind2=" ">
    <subfield code="a">bz63</subfield>
  </datafield>
</record>