
<record>
  <leader>00591cz  a2200181n  4500</leader>
  <controlfield tag="001">1152631</controlfield>
  <controlfield tag="003">DLC</controlfield>
  <controlfield tag="005">20200103153503.0</controlfield>
  <controlfield tag="008">890817n| azannaab           |a aaa      </controlfield>
  <datafield tag="010" ind1=" " ind2=" ">
    <subfield code="a">n  88275874 </subfield>
  </datafield>
  <datafield tag="035" ind1=" " ind2=" ">
    <subfield code="a">(DLC)n  88275874</subfield>
  </datafield>
  <datafield tag="040" ind1=" " ind2=" ">
    <subfield code="a">DLC</subfield>
    <subfield code="b">eng</subfield>
    <subfield code="e">rda</subfield>
    <subfield code="c">DLC</subfield>
    <subfield code="d">DLC</subfield>
  </datafield>
  <datafield tag="046" ind1=" " ind2=" ">
    <subfield code="k">1988</subfield>
    <subfield code="2">edtf</subfield>
  </datafield>
  <datafield tag="100" ind1="1" ind2=" ">
    <subfield code="a">Trauberg, Leonid.</subfield>
    <subfield code="t">Works.</subfield>
    <subfield code="k">Selections.</subfield>
    <subfield code="f">1988</subfield>
  </datafield>
  <datafield tag="381" ind1=" " ind2=" ">
    <subfield code="a">Selections</subfield>
  </datafield>
  <datafield tag="400" ind1="1" ind2=" ">
    <subfield code="a">Trauberg, Leonid.</subfield>
    <subfield code="t">Izbrannye proizvedenii︠a︡ v 2-kh tomakh.</subfield>
    <subfield code="f">1988</subfield>
  </datafield>
  <datafield tag="400" ind1="1" ind2=" ">
    <subfield code="w">nnea</subfield>
    <subfield code="a">Trauberg, Leonid Zakharʹevich.</subfield>
    <subfield code="t">Selections.</subfield>
    <subfield code="f">1988</subfield>
  </datafield>
  <datafield tag="670" ind1=" " ind2=" ">
    <subfield code="a">His Izbrannye proizvedenii︠a︡ v 2-kh tomakh, 1988.</subfield>
  </datafield>
</record>