
<record>
  <leader>00875cz  a2200217n  4500</leader>
  <controlfield tag="001">1181869</controlfield>
  <controlfield tag="003">DLC</controlfield>
  <controlfield tag="005">20200103073159.0</controlfield>
  <controlfield tag="008">900313n| azannaabn          |n aaa     c</controlfield>
  <datafield tag="010" ind1=" " ind2=" ">
    <subfield code="a">nr 90003884 </subfield>
  </datafield>
  <datafield tag="035" ind1=" " ind2=" ">
    <subfield code="a">(OCoLC)oca02703756</subfield>
  </datafield>
  <datafield tag="040" ind1=" " ind2=" ">
    <subfield code="a">NjP</subfield>
    <subfield code="b">eng</subfield>
    <subfield code="e">rda</subfield>
    <subfield code="c">NjP</subfield>
    <subfield code="d">DLC</subfield>
    <subfield code="d">WaBeWWUM</subfield>
  </datafield>
  <datafield tag="046" ind1=" " ind2=" ">
    <subfield code="f">1909-02-13</subfield>
    <subfield code="g">1973-12-28</subfield>
    <subfield code="2">edtf</subfield>
  </datafield>
  <datafield tag="100" ind1="1" ind2=" ">
    <subfield code="a">Vischer, Antoinette</subfield>
  </datafield>
  <datafield tag="370" ind1=" " ind2=" ">
    <subfield code="a">Basel (Switzerland)</subfield>
    <subfield code="b">Basel (Switzerland)</subfield>
    <subfield code="2">naf</subfield>
  </datafield>
  <datafield tag="374" ind1=" " ind2=" ">
    <subfield code="a">Harpsichordists</subfield>
    <subfield code="2">lcsh</subfield>
  </datafield>
  <datafield tag="670" ind1=" " ind2=" ">
    <subfield code="a">Vischer, A. Das moderne Cembalo der Antoinette Vischer [SR] 1969:</subfield>
    <subfield code="b">label (Antoinette Vischer, Cembalo)</subfield>
  </datafield>
  <datafield tag="670" ind1=" " ind2=" ">
    <subfield code="a">LC in RLIN, 3-9-90</subfield>
    <subfield code="b">(hdg.: Vischer, Antoinette)</subfield>
  </datafield>
  <datafield tag="670" ind1=" " ind2=" ">
    <subfield code="a">Dictionnaire des interprètes et de l&apos;interprétation musicale au XXe siècle, c1995</subfield>
    <subfield code="b">(Vischer, Antoinette; b. Feb. 13, 1909, Basel; d. Dec. 28, 1973, Basel; Swiss harpsichordist)</subfield>
  </datafield>
  <datafield tag="953" ind1=" " ind2=" ">
    <subfield code="a">xx00</subfield>
    <subfield code="b">vk03</subfield>
  </datafield>
  <datafield tag="985" ind1=" " ind2=" ">
    <subfield code="c">RLIN</subfield>
    <subfield code="e">LSPC</subfield>
  </datafield>
</record>