
<record>
  <leader>00803cz  a2200229n  4500</leader>
  <controlfield tag="001">1190408</controlfield>
  <controlfield tag="003">DLC</controlfield>
  <controlfield tag="005">20200103113259.0</controlfield>
  <controlfield tag="008">900510n| azannaab           |n aaa      </controlfield>
  <datafield tag="010" ind1=" " ind2=" ">
    <subfield code="a">n  90643254 </subfield>
  </datafield>
  <datafield tag="035" ind1=" " ind2=" ">
    <subfield code="a">(DLC)n  90643254</subfield>
  </datafield>
  <datafield tag="040" ind1=" " ind2=" ">
    <subfield code="a">DLC</subfield>
    <subfield code="b">eng</subfield>
    <subfield code="e">rda</subfield>
    <subfield code="c">DLC</subfield>
    <subfield code="d">DLC</subfield>
  </datafield>
  <datafield tag="046" ind1=" " ind2=" ">
    <subfield code="f">1925-09-09</subfield>
    <subfield code="2">edtf</subfield>
  </datafield>
  <datafield tag="100" ind1="1" ind2=" ">
    <subfield code="a">Červená, Soňa,</subfield>
    <subfield code="d">1925-</subfield>
  </datafield>
  <datafield tag="370" ind1=" " ind2=" ">
    <subfield code="a">(Prague) Czech Republic</subfield>
    <subfield code="c">Czech Republic</subfield>
    <subfield code="2">naf</subfield>
  </datafield>
  <datafield tag="372" ind1=" " ind2=" ">
    <subfield code="a">Singing</subfield>
    <subfield code="2">lcsh</subfield>
  </datafield>
  <datafield tag="374" ind1=" " ind2=" ">
    <subfield code="a">Mezzo-sopranos</subfield>
    <subfield code="2">lcsh</subfield>
  </datafield>
  <datafield tag="375" ind1=" " ind2=" ">
    <subfield code="a">Females</subfield>
    <subfield code="2">lcdgt</subfield>
  </datafield>
  <datafield tag="670" ind1=" " ind2=" ">
    <subfield code="a">Meyer, E.H. Lieder und Gesänge für Solostimmen und Chor mit Orchester [SR] 1970:</subfield>
    <subfield code="b">label (Sona Cervena, mezzo-soprano)</subfield>
  </datafield>
  <datafield tag="670" ind1=" " ind2=" ">
    <subfield code="a">The orphan&apos;s tale, 195-?:</subfield>
    <subfield code="b">label (Soňa Červená)</subfield>
  </datafield>
  <datafield tag="670" ind1=" " ind2=" ">
    <subfield code="a">Kutsch-Riemens</subfield>
    <subfield code="b">(Červená, Sona; alto; b. Sept. 9, 1925 in Prague)</subfield>
  </datafield>
  <datafield tag="953" ind1=" " ind2=" ">
    <subfield code="a">vk13</subfield>
    <subfield code="b">vl26</subfield>
  </datafield>
</record>