
<record>
  <leader>01560cz  a2200361n  4500</leader>
  <controlfield tag="001">1203953</controlfield>
  <controlfield tag="003">DLC</controlfield>
  <controlfield tag="005">20200103073152.0</controlfield>
  <controlfield tag="008">910617nc azannaabn          |b aaa      </controlfield>
  <datafield tag="010" ind1=" " ind2=" ">
    <subfield code="a">nr 91021314 </subfield>
  </datafield>
  <datafield tag="035" ind1=" " ind2=" ">
    <subfield code="a">(OCoLC)oca02968394</subfield>
  </datafield>
  <datafield tag="040" ind1=" " ind2=" ">
    <subfield code="a">DLC-R</subfield>
    <subfield code="b">eng</subfield>
    <subfield code="e">rda</subfield>
    <subfield code="c">DLC-R</subfield>
    <subfield code="d">OCoLC</subfield>
    <subfield code="d">DLC</subfield>
    <subfield code="d">DcWaGWGG</subfield>
  </datafield>
  <datafield tag="046" ind1=" " ind2=" ">
    <subfield code="s">15</subfield>
  </datafield>
  <datafield tag="100" ind1="1" ind2=" ">
    <subfield code="a">Ding, Feng,</subfield>
    <subfield code="d">active 16th century</subfield>
  </datafield>
  <datafield tag="370" ind1=" " ind2=" ">
    <subfield code="a">Jiangsu Sheng (China)</subfield>
    <subfield code="2">naf</subfield>
  </datafield>
  <datafield tag="400" ind1="0" ind2=" ">
    <subfield code="a">Chu-hsi-tzu,</subfield>
    <subfield code="d">active 16th century</subfield>
  </datafield>
  <datafield tag="400" ind1="1" ind2=" ">
    <subfield code="w">nnea</subfield>
    <subfield code="a">Ding, Feng,</subfield>
    <subfield code="d">16th cent.</subfield>
  </datafield>
  <datafield tag="400" ind1="1" ind2=" ">
    <subfield code="w">nnea</subfield>
    <subfield code="a">Ting, Feng,</subfield>
    <subfield code="d">16th cent</subfield>
  </datafield>
  <datafield tag="400" ind1="1" ind2=" ">
    <subfield code="a">丁鳳,</subfield>
    <subfield code="d">active 16th century</subfield>
  </datafield>
  <datafield tag="400" ind1="1" ind2=" ">
    <subfield code="a">丁凤，</subfield>
    <subfield code="d">active 16th century</subfield>
  </datafield>
  <datafield tag="400" ind1="1" ind2=" ">
    <subfield code="a">Ding, Wenrui,</subfield>
    <subfield code="d">active 16th century</subfield>
  </datafield>
  <datafield tag="400" ind1="1" ind2=" ">
    <subfield code="a">Ting, Wen-jui,</subfield>
    <subfield code="d">active 16th century</subfield>
  </datafield>
  <datafield tag="400" ind1="0" ind2=" ">
    <subfield code="a">Zhuxizi,</subfield>
    <subfield code="d">active 16th century</subfield>
  </datafield>
  <datafield tag="400" ind1="0" ind2=" ">
    <subfield code="a">Zhuxi,</subfield>
    <subfield code="d">active 16th century</subfield>
  </datafield>
  <datafield tag="400" ind1="0" ind2=" ">
    <subfield code="a">竹溪,</subfield>
    <subfield code="d">active 16th century</subfield>
  </datafield>
  <datafield tag="667" ind1=" " ind2=" ">
    <subfield code="a">Machine-derived non-Latin script reference project.</subfield>
  </datafield>
  <datafield tag="667" ind1=" " ind2=" ">
    <subfield code="a">Non-Latin script references not evaluated.</subfield>
  </datafield>
  <datafield tag="667" ind1=" " ind2=" ">
    <subfield code="a">Non-Latin script references reviewed in NACO CJK Funnel References Project.</subfield>
  </datafield>
  <datafield tag="670" ind1=" " ind2=" ">
    <subfield code="a">I fang chi i, 1988:</subfield>
    <subfield code="b">t.p. (Ting Feng) p. 1 of 1st group (t. Wen-jui; h. Chu-hsi-tzu; compiled I fang chi i 1n 1554)</subfield>
  </datafield>
  <datafield tag="670" ind1=" " ind2=" ">
    <subfield code="a">OCLC, Dec. 27, 2019</subfield>
    <subfield code="b">(access point:丁鳳, active 16th century = Ding, Feng, active 16th century; usage: 丁鳳 = Ding Feng)</subfield>
  </datafield>
  <datafield tag="670" ind1=" " ind2=" ">
    <subfield code="a">Bai du bai ke website, Dec. 27,2019:</subfield>
    <subfield code="b">(丁凤 = Ding Feng; born Ming Dyansty in Jiangpu (today&apos;s Jiangsu province);  zi [courtesy name]: 竹溪 = Zhuxi)</subfield>
  </datafield>
  <datafield tag="953" ind1=" " ind2=" ">
    <subfield code="a">xx00</subfield>
  </datafield>
  <datafield tag="985" ind1=" " ind2=" ">
    <subfield code="c">RLIN</subfield>
    <subfield code="e">LSPC</subfield>
  </datafield>
</record>