
<record>
  <leader>01623cz  a2200301n  4500</leader>
  <controlfield tag="001">1279932</controlfield>
  <controlfield tag="003">DLC</controlfield>
  <controlfield tag="005">20200103122844.0</controlfield>
  <controlfield tag="008">950417n| azannaab           |b aaa     c</controlfield>
  <datafield tag="010" ind1=" " ind2=" ">
    <subfield code="a">nr 95014284 </subfield>
  </datafield>
  <datafield tag="035" ind1=" " ind2=" ">
    <subfield code="a">(DLC)nr 95014284</subfield>
  </datafield>
  <datafield tag="040" ind1=" " ind2=" ">
    <subfield code="a">NNC</subfield>
    <subfield code="b">eng</subfield>
    <subfield code="e">rda</subfield>
    <subfield code="c">NNC</subfield>
    <subfield code="d">DLC</subfield>
    <subfield code="d">DLC</subfield>
  </datafield>
  <datafield tag="046" ind1=" " ind2=" ">
    <subfield code="f">1790~</subfield>
    <subfield code="g">1858</subfield>
    <subfield code="2">edtf</subfield>
  </datafield>
  <datafield tag="100" ind1="1" ind2=" ">
    <subfield code="a">Fotinov, Konstantin Georgiev,</subfield>
    <subfield code="d">approximately 1790-1858</subfield>
  </datafield>
  <datafield tag="400" ind1="1" ind2=" ">
    <subfield code="a">Фотинов, Константин Георгиев,</subfield>
    <subfield code="d">approximately 1790-1858</subfield>
  </datafield>
  <datafield tag="400" ind1="1" ind2=" ">
    <subfield code="a">Phōteinoph, Kōnstantin Geōrgieph,</subfield>
    <subfield code="d">1790-1858</subfield>
  </datafield>
  <datafield tag="400" ind1="1" ind2=" ">
    <subfield code="a">Photinoff, Constantine,</subfield>
    <subfield code="d">approximately 1790-1858</subfield>
  </datafield>
  <datafield tag="400" ind1="1" ind2=" ">
    <subfield code="w">nnaa</subfield>
    <subfield code="a">Fotinov, Konstantin Georgiev,</subfield>
    <subfield code="d">1790-1858</subfield>
  </datafield>
  <datafield tag="400" ind1="1" ind2=" ">
    <subfield code="w">nnea</subfield>
    <subfield code="a">Fotinov, Konstantin Georgiev,</subfield>
    <subfield code="d">ca. 1790-1858</subfield>
  </datafield>
  <datafield tag="667" ind1=" " ind2=" ">
    <subfield code="a">Non-Latin script reference not evaluated.</subfield>
  </datafield>
  <datafield tag="670" ind1=" " ind2=" ">
    <subfield code="a">Konstantin Georgiev Fotinov v kultornoto ... 1994:</subfield>
    <subfield code="b">t.p. (Konstantin Georgiev Fotinov) p. 78 (b. ca. 1785, Samokov; d. 1858, T︠S︡arigrad)</subfield>
  </datafield>
  <datafield tag="670" ind1=" " ind2=" ">
    <subfield code="a">Krat. bŭlg. ent︠s︡.:</subfield>
    <subfield code="b">v. 5, p. 298 (Fotinov, Konstantin Georgiev; b. ca. 1790; d. 29 Nov. 1858; Bulgarian writer and literary figure; b. in Samokov)</subfield>
  </datafield>
  <datafield tag="670" ind1=" " ind2=" ">
    <subfield code="a">Danchov, N.G. Bŭlg. ent︠s︡.</subfield>
    <subfield code="b">(Fotinov, Konstantin; 1790-1858; b. Samokov)</subfield>
  </datafield>
  <datafield tag="670" ind1=" " ind2=" ">
    <subfield code="a">LC manual cat.</subfield>
    <subfield code="b">(hdg.: Fotinov, Konstantin Georgiev, 1790-1858)</subfield>
  </datafield>
  <datafield tag="670" ind1=" " ind2=" ">
    <subfield code="a">Darlow &amp; Moule. Hist. cat. of the printed ed&apos;s of Holy Scripture, 1903: items 2321, 2322, index (Constantine Photinoff, C. Photinoff)</subfield>
  </datafield>
  <datafield tag="670" ind1=" " ind2=" ">
    <subfield code="a">Arkhiv na Konstantin Georgiev Fotinov, 2004- :</subfield>
    <subfield code="b">v. 1, added t.p. (Kōnstantin Geōrgieph Phōteinoph [in Greek characters])</subfield>
  </datafield>
  <datafield tag="953" ind1=" " ind2=" ">
    <subfield code="a">xx00</subfield>
    <subfield code="b">le11</subfield>
  </datafield>
  <datafield tag="985" ind1=" " ind2=" ">
    <subfield code="c">RLG</subfield>
    <subfield code="e">LSPC</subfield>
  </datafield>
</record>