
<record>
  <leader>01254cz  a2200265n  4500</leader>
  <controlfield tag="001">1282787</controlfield>
  <controlfield tag="003">DLC</controlfield>
  <controlfield tag="005">20200103125223.0</controlfield>
  <controlfield tag="008">950705n| azannaabn          |a aaa     c</controlfield>
  <datafield tag="010" ind1=" " ind2=" ">
    <subfield code="a">nr 95024374 </subfield>
  </datafield>
  <datafield tag="035" ind1=" " ind2=" ">
    <subfield code="a">(OCoLC)oca03871472</subfield>
  </datafield>
  <datafield tag="040" ind1=" " ind2=" ">
    <subfield code="a">NjP</subfield>
    <subfield code="b">eng</subfield>
    <subfield code="e">rda</subfield>
    <subfield code="c">NjP</subfield>
    <subfield code="d">DLC</subfield>
    <subfield code="d">CSt-Mus</subfield>
    <subfield code="d">DLC</subfield>
  </datafield>
  <datafield tag="046" ind1=" " ind2=" ">
    <subfield code="f">1914-04-17</subfield>
    <subfield code="g">1978-02-18</subfield>
    <subfield code="2">edtf</subfield>
  </datafield>
  <datafield tag="100" ind1="1" ind2=" ">
    <subfield code="a">Mikhnovskiĭ, Isaak</subfield>
  </datafield>
  <datafield tag="370" ind1=" " ind2=" ">
    <subfield code="a">Smolensk (Russia)</subfield>
    <subfield code="b">Moscow (Russia)</subfield>
    <subfield code="2">naf</subfield>
  </datafield>
  <datafield tag="372" ind1=" " ind2=" ">
    <subfield code="a">Performing arts</subfield>
    <subfield code="a">Composition (Music)</subfield>
    <subfield code="2">lcsh</subfield>
  </datafield>
  <datafield tag="374" ind1=" " ind2=" ">
    <subfield code="a">Pianists</subfield>
    <subfield code="a">Composers</subfield>
    <subfield code="2">lcsh</subfield>
  </datafield>
  <datafield tag="375" ind1=" " ind2=" ">
    <subfield code="a">Males</subfield>
    <subfield code="2">lcdgt</subfield>
  </datafield>
  <datafield tag="378" ind1=" " ind2=" ">
    <subfield code="q">Isaak Iosifovich</subfield>
  </datafield>
  <datafield tag="400" ind1="1" ind2=" ">
    <subfield code="a">Mikhnovsky, Isaac</subfield>
  </datafield>
  <datafield tag="670" ind1=" " ind2=" ">
    <subfield code="a">Aleksandrov, A.N. Fortepiannye sonaty, 1963:</subfield>
    <subfield code="b">label (Isaak Mikhnovskiĭ [piano])</subfield>
  </datafield>
  <datafield tag="670" ind1=" " ind2=" ">
    <subfield code="a">Grigorʹev, L.G. Sovremennye pianisty, 1985</subfield>
    <subfield code="b">(Mikhnovskiĭ, Isaak Iosifovich; b. Apr. 17, 1914; d. 1977)</subfield>
  </datafield>
  <datafield tag="670" ind1=" " ind2=" ">
    <subfield code="a">ру.шикипедиа.орг, Йан. 3, 2020</subfield>
    <subfield code="b">(Исаак Иосифович Михновский (17 апреля 1914, Смоленск - 18 февраля 1978, Москва) - советский пианист, композитор = [Isaak Iosifovich Mikhnovskiĭ (Apr. 17, 1914, Smolensk, Russia - Feb. 18, 1978, Moscow, Russia) - Soviet pianist, composer])</subfield>
  </datafield>
  <datafield tag="953" ind1=" " ind2=" ">
    <subfield code="a">xx00</subfield>
    <subfield code="b">vk03</subfield>
  </datafield>
  <datafield tag="985" ind1=" " ind2=" ">
    <subfield code="c">RLG</subfield>
    <subfield code="e">LSPC</subfield>
  </datafield>
</record>