
<record>
  <leader>01125cz  a2200289n  4500</leader>
  <controlfield tag="001">1329475</controlfield>
  <controlfield tag="003">DLC</controlfield>
  <controlfield tag="005">20200103073250.0</controlfield>
  <controlfield tag="008">970321nc azannaabn          |b aaa      </controlfield>
  <datafield tag="010" ind1=" " ind2=" ">
    <subfield code="a">n  97030334 </subfield>
  </datafield>
  <datafield tag="035" ind1=" " ind2=" ">
    <subfield code="a">(OCoLC)oca04300867</subfield>
  </datafield>
  <datafield tag="040" ind1=" " ind2=" ">
    <subfield code="a">DLC</subfield>
    <subfield code="b">eng</subfield>
    <subfield code="e">rda</subfield>
    <subfield code="c">DLC</subfield>
    <subfield code="d">OCoLC</subfield>
    <subfield code="d">InU</subfield>
    <subfield code="d">MH</subfield>
  </datafield>
  <datafield tag="046" ind1=" " ind2=" ">
    <subfield code="f">1633</subfield>
    <subfield code="g">1683</subfield>
    <subfield code="2">edtf</subfield>
  </datafield>
  <datafield tag="100" ind1="1" ind2=" ">
    <subfield code="a">Wan, Sida,</subfield>
    <subfield code="d">1633-1683</subfield>
  </datafield>
  <datafield tag="400" ind1="1" ind2=" ">
    <subfield code="w">nne</subfield>
    <subfield code="a">Wan, Ssu-ta,</subfield>
    <subfield code="d">1633-1683</subfield>
  </datafield>
  <datafield tag="400" ind1="1" ind2=" ">
    <subfield code="a">Wan, Chongzong,</subfield>
    <subfield code="d">1633-1683</subfield>
  </datafield>
  <datafield tag="400" ind1="1" ind2=" ">
    <subfield code="a">Wan, Hefu,</subfield>
    <subfield code="d">1633-1683</subfield>
  </datafield>
  <datafield tag="400" ind1="1" ind2=" ">
    <subfield code="a">Wan, Chʻung-tsung,</subfield>
    <subfield code="d">1633-1683</subfield>
  </datafield>
  <datafield tag="400" ind1="1" ind2=" ">
    <subfield code="a">Wan, Ho-fu,</subfield>
    <subfield code="d">1633-1683</subfield>
  </datafield>
  <datafield tag="400" ind1="1" ind2=" ">
    <subfield code="a">万斯大,</subfield>
    <subfield code="d">1633-1683</subfield>
  </datafield>
  <datafield tag="400" ind1="1" ind2=" ">
    <subfield code="a">萬斯大,</subfield>
    <subfield code="d">1633-1683</subfield>
  </datafield>
  <datafield tag="667" ind1=" " ind2=" ">
    <subfield code="a">Machine-derived non-Latin script reference project.</subfield>
  </datafield>
  <datafield tag="667" ind1=" " ind2=" ">
    <subfield code="a">Non-Latin script references not evaluated.</subfield>
  </datafield>
  <datafield tag="667" ind1=" " ind2=" ">
    <subfield code="a">Non-Latin script references reviewed in NACO CJK Funnel References Project.</subfield>
  </datafield>
  <datafield tag="670" ind1=" " ind2=" ">
    <subfield code="a">Fang, T.Y. Wan Ssu-tʻung pʻing chuan, 1996:</subfield>
    <subfield code="b">t.p. (Wan Ssu-ta) p. 323 (1633-1683; t. Chʻung-tsung; h. Ho-fu)</subfield>
  </datafield>
  <datafield tag="670" ind1=" " ind2=" ">
    <subfield code="a">OCLC #35621667, January 2, 2020</subfield>
    <subfield code="b">(access point: 萬斯大, 1633-1683 = Wan, Sida, 1633-1683 ; usage: 萬斯大 = Wan Sida)</subfield>
  </datafield>
  <datafield tag="953" ind1=" " ind2=" ">
    <subfield code="a">yb22</subfield>
  </datafield>
</record>