
<record>
  <leader>02337cz  a2200361n  4500</leader>
  <controlfield tag="001">1331051</controlfield>
  <controlfield tag="003">DLC</controlfield>
  <controlfield tag="005">20200103073250.0</controlfield>
  <controlfield tag="008">970612n| azannaabn          |a aaa     c</controlfield>
  <datafield tag="010" ind1=" " ind2=" ">
    <subfield code="a">no 97035794 </subfield>
  </datafield>
  <datafield tag="035" ind1=" " ind2=" ">
    <subfield code="a">(OCoLC)oca04362711</subfield>
  </datafield>
  <datafield tag="040" ind1=" " ind2=" ">
    <subfield code="a">NRU-Mus</subfield>
    <subfield code="b">eng</subfield>
    <subfield code="e">rda</subfield>
    <subfield code="c">NRU-Mus</subfield>
    <subfield code="d">PPi-MA</subfield>
  </datafield>
  <datafield tag="046" ind1=" " ind2=" ">
    <subfield code="k">1967</subfield>
    <subfield code="2">edtf</subfield>
  </datafield>
  <datafield tag="100" ind1="1" ind2=" ">
    <subfield code="a">Shostakovich, Dmitriĭ Dmitrievich,</subfield>
    <subfield code="d">1906-1975.</subfield>
    <subfield code="t">Traurno-triumfalʹnai︠a︡ preli︠u︡dii︠a︡</subfield>
  </datafield>
  <datafield tag="380" ind1=" " ind2=" ">
    <subfield code="a">Memorial music</subfield>
    <subfield code="a">Preludes (Music)</subfield>
    <subfield code="2">lcgft</subfield>
  </datafield>
  <datafield tag="382" ind1="0" ind2=" ">
    <subfield code="a">orchestra</subfield>
    <subfield code="2">lcmpt</subfield>
  </datafield>
  <datafield tag="383" ind1=" " ind2=" ">
    <subfield code="b">op. 130</subfield>
  </datafield>
  <datafield tag="384" ind1="0" ind2=" ">
    <subfield code="a">B♭ minor</subfield>
  </datafield>
  <datafield tag="400" ind1="1" ind2=" ">
    <subfield code="a">Shostakovich, Dmitriĭ Dmitrievich,</subfield>
    <subfield code="d">1906-1975.</subfield>
    <subfield code="t">Funeral and triumphal prelude</subfield>
  </datafield>
  <datafield tag="400" ind1="1" ind2=" ">
    <subfield code="a">Shostakovich, Dmitriĭ Dmitrievich,</subfield>
    <subfield code="d">1906-1975.</subfield>
    <subfield code="t">Funeral &amp; triumphal prelude</subfield>
  </datafield>
  <datafield tag="400" ind1="1" ind2=" ">
    <subfield code="a">Shostakovich, Dmitriĭ Dmitrievich,</subfield>
    <subfield code="d">1906-1975.</subfield>
    <subfield code="t">Funeral-triumphal prelude</subfield>
  </datafield>
  <datafield tag="400" ind1="1" ind2=" ">
    <subfield code="a">Shostakovich, Dmitriĭ Dmitrievich,</subfield>
    <subfield code="d">1906-1975.</subfield>
    <subfield code="t">Poem of mourning and triumph</subfield>
  </datafield>
  <datafield tag="400" ind1="1" ind2=" ">
    <subfield code="a">Shostakovich, Dmitriĭ Dmitrievich,</subfield>
    <subfield code="d">1906-1975.</subfield>
    <subfield code="t">Prelude, Stalingrad</subfield>
  </datafield>
  <datafield tag="400" ind1="1" ind2=" ">
    <subfield code="a">Shostakovich, Dmitriĭ Dmitrievich,</subfield>
    <subfield code="d">1906-1975.</subfield>
    <subfield code="t">Mournful-triumphant prelude</subfield>
  </datafield>
  <datafield tag="400" ind1="1" ind2=" ">
    <subfield code="a">Shostakovich, Dmitriĭ Dmitrievich,</subfield>
    <subfield code="d">1906-1975.</subfield>
    <subfield code="t">Traurno-triumfalʹnai︠a︡ preli︠u︡dii︠a︡ pami︠a︡ti geroev Stalingradskoĭ bitvy</subfield>
  </datafield>
  <datafield tag="400" ind1="1" ind2=" ">
    <subfield code="a">Shostakovich, Dmitriĭ Dmitrievich,</subfield>
    <subfield code="d">1906-1975.</subfield>
    <subfield code="t">Funeral and triumphal prelude in memory of the heroes of the Battle of Stalingrad</subfield>
  </datafield>
  <datafield tag="670" ind1=" " ind2=" ">
    <subfield code="a">Shostakovich, D.D. Funeral and triumphal prelude, p1994:</subfield>
    <subfield code="b">label (Funeral &amp; triumphal prelude) container (Funeral and triumphal prelude, op. 130)</subfield>
  </datafield>
  <datafield tag="670" ind1=" " ind2=" ">
    <subfield code="a">New Grove</subfield>
    <subfield code="b">(op. 130. Traurno-triumfalnïy prelyud (Mournful-triumphant prelude))</subfield>
  </datafield>
  <datafield tag="670" ind1=" " ind2=" ">
    <subfield code="a">Shostakovich, D.D. Sobranie sochineni,̆ 1980-, v. 11:</subfield>
    <subfield code="b">t.p. (Traurno-triumfalʹnai︠a︡ preli︠u︡dii︠a︡)</subfield>
  </datafield>
  <datafield tag="670" ind1=" " ind2=" ">
    <subfield code="a">Hulme, 2nd ed.</subfield>
    <subfield code="b">(Funeral-triumphal prelude; alternate titles:  Poem of mourning and triumph; Prelude - Stalingrad)</subfield>
  </datafield>
  <datafield tag="670" ind1=" " ind2=" ">
    <subfield code="a">Shostakovich, Dmitriĭ Dmitrievich. &quot;Novorossiĭskie kuranty&quot;, 2019:</subfield>
    <subfield code="b">title page (Traurno-triumfalʹnai︠a︡ preli︠u︡dii︠a︡ pami︠a︡ti geroev Stalingradskoĭ bitvy : soch. 130 = Funeral and triumphal prelude in memory of the heroes of the Battle of Stalingrad : op. 130) page 15 (1967) page 17 (for orchestra; in B♭ minor)</subfield>
  </datafield>
  <datafield tag="953" ind1=" " ind2=" ">
    <subfield code="a">xx00</subfield>
  </datafield>
  <datafield tag="985" ind1=" " ind2=" ">
    <subfield code="c">OCLC</subfield>
    <subfield code="e">LSPC</subfield>
  </datafield>
</record>