
<record>
  <leader>00843cz  a2200229n  4500</leader>
  <controlfield tag="001">1353565</controlfield>
  <controlfield tag="003">DLC</controlfield>
  <controlfield tag="005">20200103152026.0</controlfield>
  <controlfield tag="008">980112n| azannaab           |b aaa      </controlfield>
  <datafield tag="010" ind1=" " ind2=" ">
    <subfield code="a">n  98002934 </subfield>
  </datafield>
  <datafield tag="035" ind1=" " ind2=" ">
    <subfield code="a">(DLC)n  98002934</subfield>
  </datafield>
  <datafield tag="040" ind1=" " ind2=" ">
    <subfield code="a">DLC</subfield>
    <subfield code="b">eng</subfield>
    <subfield code="c">DLC</subfield>
    <subfield code="e">rda</subfield>
  </datafield>
  <datafield tag="100" ind1="1" ind2=" ">
    <subfield code="a">Blieva, Z. M.</subfield>
    <subfield code="q">(Zalina Markovna)</subfield>
  </datafield>
  <datafield tag="375" ind1=" " ind2=" ">
    <subfield code="a">female</subfield>
  </datafield>
  <datafield tag="377" ind1=" " ind2=" ">
    <subfield code="a">rus</subfield>
  </datafield>
  <datafield tag="378" ind1=" " ind2=" ">
    <subfield code="q">Zalina Markovna</subfield>
  </datafield>
  <datafield tag="400" ind1="1" ind2=" ">
    <subfield code="a">Блиева, З. М.</subfield>
    <subfield code="q">(Залина Марковна)</subfield>
  </datafield>
  <datafield tag="400" ind1="1" ind2=" ">
    <subfield code="a">Blieva, Zalina Markovna</subfield>
  </datafield>
  <datafield tag="400" ind1="1" ind2=" ">
    <subfield code="a">Блиева, Залина Марковна</subfield>
  </datafield>
  <datafield tag="667" ind1=" " ind2=" ">
    <subfield code="a">Non-Latin script reference not evaluated.</subfield>
  </datafield>
  <datafield tag="670" ind1=" " ind2=" ">
    <subfield code="a">Sistema upravlenii︠a︡ na Severnom Kavkaze v ... 1992:</subfield>
    <subfield code="b">t.p. (З.М. Блиева = Z.M. Blieva, kandidat istoricheskikh nauk) colophon (Блиева, Залина Марковна =  Blieva, Zalina Markovna)</subfield>
  </datafield>
  <datafield tag="953" ind1=" " ind2=" ">
    <subfield code="a">le08</subfield>
  </datafield>
</record>