
<record>
  <leader>00545cz  a2200157n  4500</leader>
  <controlfield tag="001">1354853</controlfield>
  <controlfield tag="003">DLC</controlfield>
  <controlfield tag="005">20200103121014.0</controlfield>
  <controlfield tag="008">980227n| azannaab           |n aaa     c</controlfield>
  <datafield tag="010" ind1=" " ind2=" ">
    <subfield code="a">nr 98007374 </subfield>
  </datafield>
  <datafield tag="035" ind1=" " ind2=" ">
    <subfield code="a">(DLC)nr 98007374</subfield>
  </datafield>
  <datafield tag="040" ind1=" " ind2=" ">
    <subfield code="a">NjP</subfield>
    <subfield code="c">NjP</subfield>
    <subfield code="e">rda</subfield>
    <subfield code="d">DLC</subfield>
  </datafield>
  <datafield tag="046" ind1=" " ind2=" ">
    <subfield code="f">1960</subfield>
  </datafield>
  <datafield tag="100" ind1="1" ind2=" ">
    <subfield code="a">Bilici, Nurettin,</subfield>
    <subfield code="d">1960-</subfield>
  </datafield>
  <datafield tag="670" ind1=" " ind2=" ">
    <subfield code="a">Avrupa Birliği mali yardımları ve Türkiye, 1997:</subfield>
    <subfield code="b">t.p. (Yrd. Doç. Dr. Nurettin Bilici, Hacettepe Ü. İ.İ.B.F., Maliye Böl. öğretim üyesi) p. 4 of cover (b. 1960 in Konya-Çumra)</subfield>
  </datafield>
  <datafield tag="985" ind1=" " ind2=" ">
    <subfield code="c">RLG</subfield>
    <subfield code="e">LSPC</subfield>
  </datafield>
</record>