
<record>
  <leader>00920cz  a2200205n  4500</leader>
  <controlfield tag="001">1390539</controlfield>
  <controlfield tag="003">DLC</controlfield>
  <controlfield tag="005">20200103073239.0</controlfield>
  <controlfield tag="008">990421n| azannaabn          |a aaa     c</controlfield>
  <datafield tag="010" ind1=" " ind2=" ">
    <subfield code="a">no 99028014 </subfield>
  </datafield>
  <datafield tag="035" ind1=" " ind2=" ">
    <subfield code="a">(OCoLC)oca04970123</subfield>
  </datafield>
  <datafield tag="040" ind1=" " ind2=" ">
    <subfield code="a">DCU-IA</subfield>
    <subfield code="b">eng</subfield>
    <subfield code="e">rda</subfield>
    <subfield code="c">DCU-IA</subfield>
    <subfield code="d">OCoLC</subfield>
    <subfield code="d">DNLM</subfield>
  </datafield>
  <datafield tag="046" ind1=" " ind2=" ">
    <subfield code="f">1885-04-15</subfield>
    <subfield code="g">1954-10-09</subfield>
    <subfield code="2">edtf</subfield>
  </datafield>
  <datafield tag="100" ind1="1" ind2=" ">
    <subfield code="a">Paranhos, Ulysses,</subfield>
    <subfield code="d">1885-1954</subfield>
  </datafield>
  <datafield tag="400" ind1="1" ind2=" ">
    <subfield code="a">Freitas Paranhos, Ulysses de,</subfield>
    <subfield code="d">1885-1954</subfield>
  </datafield>
  <datafield tag="400" ind1="1" ind2=" ">
    <subfield code="a">Paranhos, Ulisses,</subfield>
    <subfield code="d">1885-1954</subfield>
  </datafield>
  <datafield tag="670" ind1=" " ind2=" ">
    <subfield code="a">Discursos e conferencias, 1913 :</subfield>
    <subfield code="b">t.p. (Ulysses Paranhos, da Academia Paulista)</subfield>
  </datafield>
  <datafield tag="670" ind1=" " ind2=" ">
    <subfield code="a">Enc. de lit. bras., 1990</subfield>
    <subfield code="b">v. 2, p. 1026 (hdg.: Paranhos, Ulisses; complete name Ulisses de Freitas Paranhos; b. apr. 15, 1885 and d. Oct. 9, 1954 in São Paulo; essayist, critic, lecturer, historian, physician &amp; university professor; pseudonyms: Mário Deloe, Jaime de Lara, Carlos da Maia, Guy Patin)</subfield>
  </datafield>
  <datafield tag="953" ind1=" " ind2=" ">
    <subfield code="a">xx00</subfield>
  </datafield>
  <datafield tag="985" ind1=" " ind2=" ">
    <subfield code="c">OCLC</subfield>
    <subfield code="e">LSPC</subfield>
  </datafield>
</record>