
<record>
  <leader>02422cz  a2200433n  4500</leader>
  <controlfield tag="001">1423782</controlfield>
  <controlfield tag="003">DLC</controlfield>
  <controlfield tag="005">20200103151408.0</controlfield>
  <controlfield tag="008">790628n| azannaabn          |b aaa      </controlfield>
  <datafield tag="010" ind1=" " ind2=" ">
    <subfield code="a">n  79055559 </subfield>
    <subfield code="z">n  87873275 </subfield>
  </datafield>
  <datafield tag="035" ind1=" " ind2=" ">
    <subfield code="a">(OCoLC)oca00288669</subfield>
  </datafield>
  <datafield tag="040" ind1=" " ind2=" ">
    <subfield code="a">DLC</subfield>
    <subfield code="b">eng</subfield>
    <subfield code="e">rda</subfield>
    <subfield code="c">DLC</subfield>
    <subfield code="d">DLC</subfield>
    <subfield code="d">NNFr</subfield>
    <subfield code="d">OCoLC</subfield>
    <subfield code="d">DLC</subfield>
    <subfield code="d">GVaS</subfield>
    <subfield code="d">NN</subfield>
    <subfield code="d">DLC</subfield>
  </datafield>
  <datafield tag="046" ind1=" " ind2=" ">
    <subfield code="f">1893-12-04</subfield>
    <subfield code="g">1968-06-12</subfield>
    <subfield code="2">edtf</subfield>
  </datafield>
  <datafield tag="053" ind1=" " ind2="0">
    <subfield code="a">PR6035.E24</subfield>
  </datafield>
  <datafield tag="100" ind1="1" ind2=" ">
    <subfield code="a">Read, Herbert,</subfield>
    <subfield code="d">1893-1968</subfield>
  </datafield>
  <datafield tag="368" ind1=" " ind2=" ">
    <subfield code="d">Sir</subfield>
    <subfield code="s">1953</subfield>
  </datafield>
  <datafield tag="370" ind1=" " ind2=" ">
    <subfield code="a">Kirkby (North Yorkshire, England)</subfield>
    <subfield code="c">Great Britain</subfield>
    <subfield code="2">naf</subfield>
  </datafield>
  <datafield tag="370" ind1=" " ind2=" ">
    <subfield code="b">Stonegrave (England)</subfield>
  </datafield>
  <datafield tag="372" ind1=" " ind2=" ">
    <subfield code="a">Writing</subfield>
    <subfield code="a">Art--History</subfield>
    <subfield code="a">Poetry</subfield>
    <subfield code="a">Criticism</subfield>
    <subfield code="2">lcsh</subfield>
  </datafield>
  <datafield tag="374" ind1=" " ind2=" ">
    <subfield code="a">Authors</subfield>
    <subfield code="a">Art historians</subfield>
    <subfield code="a">Poets</subfield>
    <subfield code="a">Critics</subfield>
    <subfield code="2">lcsh</subfield>
  </datafield>
  <datafield tag="375" ind1=" " ind2=" ">
    <subfield code="a">male</subfield>
  </datafield>
  <datafield tag="377" ind1=" " ind2=" ">
    <subfield code="a">eng</subfield>
  </datafield>
  <datafield tag="378" ind1=" " ind2=" ">
    <subfield code="q">Herbert Edward</subfield>
  </datafield>
  <datafield tag="400" ind1="1" ind2=" ">
    <subfield code="a">ריד, הרברט,</subfield>
    <subfield code="d">1968־1893</subfield>
  </datafield>
  <datafield tag="400" ind1="1" ind2=" ">
    <subfield code="w">nne</subfield>
    <subfield code="a">Read, Herbert Edward,</subfield>
    <subfield code="c">Sir,</subfield>
    <subfield code="d">1893-1968</subfield>
  </datafield>
  <datafield tag="400" ind1="1" ind2=" ">
    <subfield code="a">Rīd, Hirbirt,</subfield>
    <subfield code="d">1893-1968</subfield>
  </datafield>
  <datafield tag="400" ind1="1" ind2=" ">
    <subfield code="a">رىد، هربرت</subfield>
  </datafield>
  <datafield tag="667" ind1=" " ind2=" ">
    <subfield code="a">Machine-derived non-Latin script reference project.</subfield>
  </datafield>
  <datafield tag="667" ind1=" " ind2=" ">
    <subfield code="a">Non-Latin script reference not evaluated.</subfield>
  </datafield>
  <datafield tag="670" ind1=" " ind2=" ">
    <subfield code="a">His Speculations, essays on humanism and the philosophy of art, 1924.</subfield>
  </datafield>
  <datafield tag="670" ind1=" " ind2=" ">
    <subfield code="a">Jung, C.G. The collected works of C.G. Jung, 1953- (a.e.)</subfield>
    <subfield code="b">v. 1, t.p. (Herbert Read)</subfield>
  </datafield>
  <datafield tag="670" ind1=" " ind2=" ">
    <subfield code="a">Contemporary British art, 1951:</subfield>
    <subfield code="b">p. 4 of cover (b. Kirbymoorside, Yorkshire, 1893)</subfield>
  </datafield>
  <datafield tag="670" ind1=" " ind2=" ">
    <subfield code="a">LC database, Apr. 1, 2010</subfield>
    <subfield code="b">(hdg.: Read, Herbert Edward, Sir, 1893-1968; usage: Herbert Read, Sir Herbert Read)</subfield>
  </datafield>
  <datafield tag="670" ind1=" " ind2=" ">
    <subfield code="a">DLB, 1995:</subfield>
    <subfield code="b">v.149, p. 197 (Herbert Read, 4 December 1893-12 June 1968)</subfield>
  </datafield>
  <datafield tag="670" ind1=" " ind2=" ">
    <subfield code="a">Chambers bio. dic., 1997:</subfield>
    <subfield code="b">p.1541 (Read, Sir Herbert ... English art historian, critic and poet... born at Muscoates Grange, near Kirkbymoorside, North Yorkshire)</subfield>
  </datafield>
  <datafield tag="670" ind1=" " ind2=" ">
    <subfield code="a">Tanya Harrod, &quot;Read, Sir Herbert Edward (1893-1968),&quot; Oxford Dictionary of National Biography, 2004; online edition, Jan. 2015, accessed 7 April</subfield>
    <subfield code="b">(Read, Sir Herbert Edward (1893-1968), poet, literary critic, and writer on art; born 4 December 1893 at Muscoates Grange, near Kirkby Moorside, in the North Riding of Yorkshire; purchased &quot;Stonegrave House (a substantial old rectory near his Yorkshire birthplace)&quot; in 1949; knighted for services to literature in 1953; died at Stonegrave House on 12 June 1968)</subfield>
  </datafield>
  <datafield tag="670" ind1=" " ind2=" ">
    <subfield code="a">Maʻnī-i hunar, 1973:</subfield>
    <subfield code="b">t.p. (هربرت رىد = Hirbirt Rīd) t.p. verso (Herbert Read [in rom.])</subfield>
  </datafield>
  <datafield tag="952" ind1=" " ind2=" ">
    <subfield code="a">RETRO</subfield>
  </datafield>
  <datafield tag="953" ind1=" " ind2=" ">
    <subfield code="a">xx00</subfield>
    <subfield code="b">cm03</subfield>
  </datafield>
</record>