
<record>
  <leader>01928cz  a2200313n  4500</leader>
  <controlfield tag="001">1424240</controlfield>
  <controlfield tag="003">DLC</controlfield>
  <controlfield tag="005">20200103073221.0</controlfield>
  <controlfield tag="008">790727n| azannaabn          |a aaa      </controlfield>
  <datafield tag="010" ind1=" " ind2=" ">
    <subfield code="a">n  79060229 </subfield>
  </datafield>
  <datafield tag="035" ind1=" " ind2=" ">
    <subfield code="a">(OCoLC)oca00293261</subfield>
  </datafield>
  <datafield tag="040" ind1=" " ind2=" ">
    <subfield code="a">DLC</subfield>
    <subfield code="b">eng</subfield>
    <subfield code="e">rda</subfield>
    <subfield code="c">DLC</subfield>
    <subfield code="d">DLC</subfield>
    <subfield code="d">OCoLC</subfield>
    <subfield code="d">IEN</subfield>
    <subfield code="d">NjP</subfield>
    <subfield code="d">DLC</subfield>
    <subfield code="d">UPB</subfield>
  </datafield>
  <datafield tag="046" ind1=" " ind2=" ">
    <subfield code="f">1919-12-06</subfield>
    <subfield code="g">1983-12-21</subfield>
    <subfield code="2">edtf</subfield>
  </datafield>
  <datafield tag="100" ind1="1" ind2=" ">
    <subfield code="a">De Man, Paul</subfield>
  </datafield>
  <datafield tag="370" ind1=" " ind2=" ">
    <subfield code="a">Antwerp (Belgium)</subfield>
    <subfield code="b">New Haven (Conn.)</subfield>
    <subfield code="2">naf</subfield>
  </datafield>
  <datafield tag="372" ind1=" " ind2=" ">
    <subfield code="a">Literary criticism</subfield>
    <subfield code="a">Deconstruction</subfield>
    <subfield code="a">Literature</subfield>
    <subfield code="2">lcsh</subfield>
  </datafield>
  <datafield tag="373" ind1=" " ind2=" ">
    <subfield code="a">Bard College</subfield>
    <subfield code="a">Cornell University</subfield>
    <subfield code="a">Johns Hopkins University</subfield>
    <subfield code="a">Universität Zürich</subfield>
    <subfield code="a">Yale University</subfield>
    <subfield code="2">naf</subfield>
  </datafield>
  <datafield tag="374" ind1=" " ind2=" ">
    <subfield code="a">Authors</subfield>
    <subfield code="a">Critics</subfield>
    <subfield code="a">College teachers</subfield>
    <subfield code="2">lcsh</subfield>
  </datafield>
  <datafield tag="375" ind1=" " ind2=" ">
    <subfield code="a">Males</subfield>
    <subfield code="2">lcdgt</subfield>
  </datafield>
  <datafield tag="377" ind1=" " ind2=" ">
    <subfield code="a">eng</subfield>
  </datafield>
  <datafield tag="378" ind1=" " ind2=" ">
    <subfield code="q">Paul Adolph Michel</subfield>
  </datafield>
  <datafield tag="400" ind1="1" ind2=" ">
    <subfield code="a">Man, Paul de</subfield>
  </datafield>
  <datafield tag="400" ind1="1" ind2=" ">
    <subfield code="a">DeMan, Paul</subfield>
  </datafield>
  <datafield tag="670" ind1=" " ind2=" ">
    <subfield code="a">Flaubert, G. Madame Bovary, 1965.</subfield>
  </datafield>
  <datafield tag="670" ind1=" " ind2=" ">
    <subfield code="a">His Wartime journalism, 1940-1943, c1988:</subfield>
    <subfield code="b">CIP t.p. (Paul de Man) data sheet (b. 1919; d. 1983)</subfield>
  </datafield>
  <datafield tag="670" ind1=" " ind2=" ">
    <subfield code="a">Info. from 678 field, Dec. 30, 2012</subfield>
    <subfield code="b">(Cornell Univ.)</subfield>
  </datafield>
  <datafield tag="670" ind1=" " ind2=" ">
    <subfield code="a">Wikipedia, via WWW, 23 December 2019</subfield>
    <subfield code="b">(Paul de Man, born December 6, 1919 in Antwerp, Belgium; died December 21, 1983 in New Haven, Connecticut. Born Paul Adolph Michel Deman, he was a literary critic and literary theorist. At the time of his death, de Man was one of the most prominent literary critics in the United States. De Man began his teaching career in the United States at Bard College. In 1960 he completed his Ph.D. at Harvard University, then taught at Cornell University, Johns Hopkins University, and the University of Zurich. He joined the faculty in French and Comparative Literature at Yale University, where he was considered part of the Yale School of Deconstruction. At the time of his death from cancer, he was Sterling Professor of the Humanities and chairman of the Department of Comparative Literature at Yale.)</subfield>
  </datafield>
  <datafield tag="952" ind1=" " ind2=" ">
    <subfield code="a">RETRO</subfield>
  </datafield>
  <datafield tag="953" ind1=" " ind2=" ">
    <subfield code="a">xx00</subfield>
    <subfield code="b">bc27</subfield>
  </datafield>
</record>