
<record>
  <leader>01468cz  a2200301n  4500</leader>
  <controlfield tag="001">1437408</controlfield>
  <controlfield tag="003">DLC</controlfield>
  <controlfield tag="005">20200103073227.0</controlfield>
  <controlfield tag="008">800417n| azannaabn          |a aaa      </controlfield>
  <datafield tag="010" ind1=" " ind2=" ">
    <subfield code="a">n  80045889 </subfield>
  </datafield>
  <datafield tag="035" ind1=" " ind2=" ">
    <subfield code="a">(OCoLC)oca00427852</subfield>
  </datafield>
  <datafield tag="040" ind1=" " ind2=" ">
    <subfield code="a">DLC</subfield>
    <subfield code="b">eng</subfield>
    <subfield code="e">rda</subfield>
    <subfield code="c">DLC</subfield>
    <subfield code="d">DLC</subfield>
    <subfield code="d">OCoLC</subfield>
    <subfield code="d">DLC</subfield>
    <subfield code="d">WU</subfield>
    <subfield code="d">MoSU</subfield>
  </datafield>
  <datafield tag="046" ind1=" " ind2=" ">
    <subfield code="f">1884-06-13</subfield>
    <subfield code="g">1978-09-19</subfield>
    <subfield code="2">edtf</subfield>
  </datafield>
  <datafield tag="100" ind1="1" ind2=" ">
    <subfield code="a">Gilson, Étienne,</subfield>
    <subfield code="d">1884-1978</subfield>
  </datafield>
  <datafield tag="370" ind1=" " ind2=" ">
    <subfield code="a">Paris (France)</subfield>
    <subfield code="b">Auxerre (France)</subfield>
    <subfield code="c">France</subfield>
    <subfield code="f">Paris (France)</subfield>
    <subfield code="2">naf</subfield>
  </datafield>
  <datafield tag="374" ind1=" " ind2=" ">
    <subfield code="a">Philosophers</subfield>
    <subfield code="2">lcsh</subfield>
  </datafield>
  <datafield tag="375" ind1=" " ind2=" ">
    <subfield code="a">Males</subfield>
    <subfield code="2">lcdgt</subfield>
  </datafield>
  <datafield tag="377" ind1=" " ind2=" ">
    <subfield code="a">fre</subfield>
  </datafield>
  <datafield tag="378" ind1=" " ind2=" ">
    <subfield code="q">Étienne Henri</subfield>
  </datafield>
  <datafield tag="400" ind1="1" ind2=" ">
    <subfield code="a">Gilson, É.</subfield>
    <subfield code="q">(Étienne),</subfield>
    <subfield code="d">1884-1978</subfield>
  </datafield>
  <datafield tag="400" ind1="1" ind2=" ">
    <subfield code="w">nnaa</subfield>
    <subfield code="a">Gilson, Étienne Henry,</subfield>
    <subfield code="d">1884-</subfield>
  </datafield>
  <datafield tag="400" ind1="1" ind2=" ">
    <subfield code="a">Gilson, Stefan,</subfield>
    <subfield code="d">1884-1978</subfield>
  </datafield>
  <datafield tag="670" ind1=" " ind2=" ">
    <subfield code="a">La philosophie au Moyen Age, 1922.</subfield>
  </datafield>
  <datafield tag="670" ind1=" " ind2=" ">
    <subfield code="a">Der heilige Bonaventura, 1929:</subfield>
    <subfield code="b">title page (Stefan Gilson ; Übersetzung aus dem Französischen und Nachwort von von Philotheus Böhner)</subfield>
  </datafield>
  <datafield tag="670" ind1=" " ind2=" ">
    <subfield code="a">Wołczyński, A. O doświadczeniu estetycznym w ujęciu É. Gilsona, 1983:</subfield>
    <subfield code="b">title page (É. Gilsona)</subfield>
  </datafield>
  <datafield tag="670" ind1=" " ind2=" ">
    <subfield code="a">Wikipedia, viewed January 2, 2020</subfield>
    <subfield code="b">(Étienne Gilson; Étienne Henri Gilson; born June 13, 1884, in Paris; died September 19, 1978, in Auxerre; French philosopher and historian of philosophy; research interests: medieval philosophy; Descartes; Thomas Aquinas; in 1946, he was elected to the Académie française; he was nominated for the Nobel Prize in Literature)</subfield>
  </datafield>
  <datafield tag="952" ind1=" " ind2=" ">
    <subfield code="a">RETRO</subfield>
  </datafield>
  <datafield tag="953" ind1=" " ind2=" ">
    <subfield code="a">xx00</subfield>
    <subfield code="b">kb01</subfield>
  </datafield>
</record>