
<record>
  <leader>01861cz  a2200325n  4500</leader>
  <controlfield tag="001">1482364</controlfield>
  <controlfield tag="003">DLC</controlfield>
  <controlfield tag="005">20200103073232.0</controlfield>
  <controlfield tag="008">830718n| azannaabn          |a aaa     c</controlfield>
  <datafield tag="010" ind1=" " ind2=" ">
    <subfield code="a">n  82227939 </subfield>
  </datafield>
  <datafield tag="035" ind1=" " ind2=" ">
    <subfield code="a">(OCoLC)oca00882067</subfield>
  </datafield>
  <datafield tag="040" ind1=" " ind2=" ">
    <subfield code="a">InU</subfield>
    <subfield code="b">eng</subfield>
    <subfield code="e">rda</subfield>
    <subfield code="c">DLC</subfield>
    <subfield code="d">DLC</subfield>
    <subfield code="d">MoSU</subfield>
    <subfield code="d">GVaS</subfield>
  </datafield>
  <datafield tag="046" ind1=" " ind2=" ">
    <subfield code="f">1954-10-06</subfield>
    <subfield code="2">edtf</subfield>
  </datafield>
  <datafield tag="100" ind1="1" ind2=" ">
    <subfield code="a">West, Darrell M.,</subfield>
    <subfield code="d">1954-</subfield>
  </datafield>
  <datafield tag="370" ind1=" " ind2=" ">
    <subfield code="c">United States</subfield>
    <subfield code="f">Washington (D.C.)</subfield>
    <subfield code="2">naf</subfield>
  </datafield>
  <datafield tag="372" ind1=" " ind2=" ">
    <subfield code="a">Education, Higher</subfield>
    <subfield code="a">Political science</subfield>
    <subfield code="a">Political planning</subfield>
    <subfield code="2">lcsh</subfield>
  </datafield>
  <datafield tag="373" ind1=" " ind2=" ">
    <subfield code="a">Brookings Institution. Governance Studies Program</subfield>
    <subfield code="2">naf</subfield>
  </datafield>
  <datafield tag="373" ind1=" " ind2=" ">
    <subfield code="a">Brookings Institution. Center for Technology Innovation</subfield>
    <subfield code="2">naf</subfield>
  </datafield>
  <datafield tag="373" ind1=" " ind2=" ">
    <subfield code="a">Brown University. Alfred Taubman Center for Public Policy</subfield>
    <subfield code="2">naf</subfield>
  </datafield>
  <datafield tag="373" ind1=" " ind2=" ">
    <subfield code="a">Indiana University</subfield>
    <subfield code="2">naf</subfield>
    <subfield code="t">1981</subfield>
  </datafield>
  <datafield tag="374" ind1=" " ind2=" ">
    <subfield code="a">College teachers</subfield>
    <subfield code="a">Policy scientists</subfield>
    <subfield code="a">Authors</subfield>
    <subfield code="2">lcsh</subfield>
  </datafield>
  <datafield tag="375" ind1=" " ind2=" ">
    <subfield code="a">Males</subfield>
    <subfield code="2">lcdgt</subfield>
  </datafield>
  <datafield tag="377" ind1=" " ind2=" ">
    <subfield code="a">eng</subfield>
  </datafield>
  <datafield tag="510" ind1="2" ind2=" ">
    <subfield code="w">r</subfield>
    <subfield code="i">Employer:</subfield>
    <subfield code="a">Brookings Institution</subfield>
  </datafield>
  <datafield tag="510" ind1="2" ind2=" ">
    <subfield code="w">r</subfield>
    <subfield code="i">Employer:</subfield>
    <subfield code="a">Brown University</subfield>
  </datafield>
  <datafield tag="670" ind1=" " ind2=" ">
    <subfield code="a">Elites and coalition-building in the 1980 presidential campaign, 1981:</subfield>
    <subfield code="b">t.p. (Darrell M. West) vita (born October 6, 1954)</subfield>
  </datafield>
  <datafield tag="670" ind1=" " ind2=" ">
    <subfield code="a">The rise and fall of the media establishment, 2001:</subfield>
    <subfield code="b">title page (Darrell M. West) page xiii (professor, political science &amp; public policy; director of the Taubman Center for Public Policy, Brown University; received Ph. D. in political science from Indiana University in 1981)</subfield>
  </datafield>
  <datafield tag="670" ind1=" " ind2=" ">
    <subfield code="a">Billionaires, 2014:</subfield>
    <subfield code="b">title page (Darrell M. West) jacket flap (Darrell M. West is the vice president of Governance Studies and director of the Center for Technology Innovation at the Brookings Institution)</subfield>
  </datafield>
  <datafield tag="670" ind1=" " ind2=" ">
    <subfield code="a">Divided politics, divided nation, 2019:</subfield>
    <subfield code="b">back flap (Darrell M. West is vice president and director of the Governance Studies program at the Brookings Institution and taught for many years at Brown University)</subfield>
  </datafield>
  <datafield tag="953" ind1=" " ind2=" ">
    <subfield code="a">bz46</subfield>
    <subfield code="b">se40</subfield>
  </datafield>
</record>