
<record>
  <leader>02192cz  a2200421n  4500</leader>
  <controlfield tag="001">1497987</controlfield>
  <controlfield tag="003">DLC</controlfield>
  <controlfield tag="005">20200103073303.0</controlfield>
  <controlfield tag="008">831011n| azannaabn          |b aaa     c</controlfield>
  <datafield tag="010" ind1=" " ind2=" ">
    <subfield code="a">n  83206849 </subfield>
  </datafield>
  <datafield tag="035" ind1=" " ind2=" ">
    <subfield code="a">(OCoLC)oca01017659</subfield>
  </datafield>
  <datafield tag="040" ind1=" " ind2=" ">
    <subfield code="a">CLU</subfield>
    <subfield code="b">eng</subfield>
    <subfield code="e">rda</subfield>
    <subfield code="c">DLC</subfield>
    <subfield code="d">DLC</subfield>
    <subfield code="d">ViU</subfield>
    <subfield code="d">DLC</subfield>
    <subfield code="d">MiU</subfield>
    <subfield code="d">DLC</subfield>
    <subfield code="d">OCoLC</subfield>
    <subfield code="d">DLC</subfield>
    <subfield code="d">OCoLC</subfield>
    <subfield code="d">CLU</subfield>
    <subfield code="d">DLC</subfield>
    <subfield code="d">HU</subfield>
    <subfield code="d">InU</subfield>
    <subfield code="d">WaU</subfield>
  </datafield>
  <datafield tag="046" ind1=" " ind2=" ">
    <subfield code="f">1935</subfield>
    <subfield code="g">1985</subfield>
    <subfield code="2">edtf</subfield>
  </datafield>
  <datafield tag="053" ind1=" " ind2="0">
    <subfield code="a">PK6561.S27</subfield>
  </datafield>
  <datafield tag="100" ind1="1" ind2=" ">
    <subfield code="a">Sāʻidī, Ghulām Ḥusayn</subfield>
  </datafield>
  <datafield tag="375" ind1=" " ind2=" ">
    <subfield code="a">Males</subfield>
    <subfield code="2">lcdgt</subfield>
  </datafield>
  <datafield tag="377" ind1=" " ind2=" ">
    <subfield code="a">per</subfield>
  </datafield>
  <datafield tag="400" ind1="1" ind2=" ">
    <subfield code="a">Sāʻadī, Ghulām&apos;husayn</subfield>
  </datafield>
  <datafield tag="400" ind1="1" ind2=" ">
    <subfield code="a">Saʻedi, Gholam-Hossein</subfield>
  </datafield>
  <datafield tag="400" ind1="1" ind2=" ">
    <subfield code="a">Saedi, Gholamhoseyn</subfield>
  </datafield>
  <datafield tag="400" ind1="1" ind2=" ">
    <subfield code="a">Sāʼedi, Ġolām-Ḥoseyn</subfield>
  </datafield>
  <datafield tag="400" ind1="1" ind2=" ">
    <subfield code="a">Sâʼedi, Qolâmhoseyn</subfield>
  </datafield>
  <datafield tag="400" ind1="1" ind2=" ">
    <subfield code="a">Saidi, Qulamhüseyn</subfield>
  </datafield>
  <datafield tag="400" ind1="1" ind2=" ">
    <subfield code="a">ساعدى، غلام حسين</subfield>
  </datafield>
  <datafield tag="400" ind1="1" ind2=" ">
    <subfield code="a">ساعدى، غلامحسين</subfield>
  </datafield>
  <datafield tag="500" ind1="1" ind2=" ">
    <subfield code="w">r</subfield>
    <subfield code="i">Alternate identity:</subfield>
    <subfield code="a">Murād, Gawhar</subfield>
  </datafield>
  <datafield tag="667" ind1=" " ind2=" ">
    <subfield code="a">Machine-derived non-Latin script reference project.</subfield>
  </datafield>
  <datafield tag="667" ind1=" " ind2=" ">
    <subfield code="a">Non-Latin script references not evaluated.</subfield>
  </datafield>
  <datafield tag="670" ind1=" " ind2=" ">
    <subfield code="a">Alifbā, 1982:</subfield>
    <subfield code="b">t.p. (Ghulām Ḥusayn Sāʻidī) p. 4 of cover (Gh. Saedi)</subfield>
  </datafield>
  <datafield tag="670" ind1=" " ind2=" ">
    <subfield code="a">LC in OCLC, 8-20-83</subfield>
    <subfield code="b">(hdg.: Sāʻidī, Ghulām Ḥusayn; variant: Gholam-Hossein Saʻedi)</subfield>
  </datafield>
  <datafield tag="670" ind1=" " ind2=" ">
    <subfield code="a">Info. from U.Va. 2/22/84</subfield>
    <subfield code="b">(Gawhar Murād is a pseudonym used by the author when writing plays)</subfield>
  </datafield>
  <datafield tag="670" ind1=" " ind2=" ">
    <subfield code="a">Bayz̤āʼī, B. Modern Persian drama, c1987:</subfield>
    <subfield code="b">CIP t.p. (Gowhar-e Morad) introd. (Gholam-Hoseyn Saʻedi, b. 1935 in Tabriz)</subfield>
  </datafield>
  <datafield tag="670" ind1=" " ind2=" ">
    <subfield code="a">Othello in wonderland and, Mirror-polishing storytellers, 1996:</subfield>
    <subfield code="b">CIP t.p. (Gholamhoseyn Saedi) galley (novelist and playwright; b. 1935; d. 1985 in Paris; exiled in France after the Iranian revolution)</subfield>
  </datafield>
  <datafield tag="670" ind1=" " ind2=" ">
    <subfield code="a">His Ahl-e Havâ = &quot;La gente del vento&quot;, c1994:</subfield>
    <subfield code="b">t.p. (Qolâmhoseyn Sâʼedi)</subfield>
  </datafield>
  <datafield tag="670" ind1=" " ind2=" ">
    <subfield code="a">Iranische Literatur zwischen gesellschaftlichem Engagement und existentieller Welterfahrung, 2000:</subfield>
    <subfield code="b">t.p. (Ġolam-Ḥoseyn Sāʼedi)</subfield>
  </datafield>
  <datafield tag="670" ind1=" " ind2=" ">
    <subfield code="a">Ghulāmḥusayn Sāʻidī, 2007:</subfield>
    <subfield code="b">p. 361 (Gholam-Hossein Sa&apos;edi; 1936-1985 [photo of his tombstone])</subfield>
  </datafield>
  <datafield tag="670" ind1=" " ind2=" ">
    <subfield code="a">Sonsuz säfär, 2015:</subfield>
    <subfield code="b">title page (Qulamhüseyn Saidi) cover (Qulamhüseyn Säidi) page 4 (born 13 January 1936)</subfield>
  </datafield>
  <datafield tag="953" ind1=" " ind2=" ">
    <subfield code="a">bz70</subfield>
    <subfield code="b">yh57</subfield>
  </datafield>
</record>