
<record>
  <leader>00623cz  a2200181n  4500</leader>
  <controlfield tag="001">1503619</controlfield>
  <controlfield tag="003">DLC</controlfield>
  <controlfield tag="005">20200103073300.0</controlfield>
  <controlfield tag="008">840620n| azannaabn          |a ana      </controlfield>
  <datafield tag="010" ind1=" " ind2=" ">
    <subfield code="a">n  84004529 </subfield>
  </datafield>
  <datafield tag="035" ind1=" " ind2=" ">
    <subfield code="a">(OCoLC)oca01139068</subfield>
  </datafield>
  <datafield tag="040" ind1=" " ind2=" ">
    <subfield code="a">DLC</subfield>
    <subfield code="b">eng</subfield>
    <subfield code="e">rda</subfield>
    <subfield code="c">DLC</subfield>
    <subfield code="d">DLC</subfield>
    <subfield code="d">MiEM</subfield>
  </datafield>
  <datafield tag="110" ind1="2" ind2=" ">
    <subfield code="a">Mi Raza Arts Consortium (Chicago, Ill.)</subfield>
  </datafield>
  <datafield tag="370" ind1=" " ind2=" ">
    <subfield code="c">United States</subfield>
    <subfield code="e">Chicago (Ill.)</subfield>
    <subfield code="2">naf</subfield>
  </datafield>
  <datafield tag="410" ind1="2" ind2=" ">
    <subfield code="a">MIRA (Mi Raza Arts Consortium (Chicago, Ill.))</subfield>
  </datafield>
  <datafield tag="410" ind1="2" ind2=" ">
    <subfield code="a">M.I.R.A. (Mi Raza Arts Consortium (Chicago, Ill.))</subfield>
  </datafield>
  <datafield tag="670" ind1=" " ind2=" ">
    <subfield code="a">Mirarte, Oct. 1982, surrogate:</subfield>
    <subfield code="b">p. 2 (MIRA (Mi Raza Arts Consortium); Chicago, Illinois)</subfield>
  </datafield>
  <datafield tag="953" ind1=" " ind2=" ">
    <subfield code="a">dd18</subfield>
    <subfield code="b">ec01</subfield>
  </datafield>
</record>