
<record>
  <leader>01821cz  a2200229n  4500</leader>
  <controlfield tag="001">1524263</controlfield>
  <controlfield tag="003">DLC</controlfield>
  <controlfield tag="005">20200103073304.0</controlfield>
  <controlfield tag="008">840405n| azannaabn          |n aaa     c</controlfield>
  <datafield tag="010" ind1=" " ind2=" ">
    <subfield code="a">n  84800399 </subfield>
  </datafield>
  <datafield tag="035" ind1=" " ind2=" ">
    <subfield code="a">(OCoLC)oca01071063</subfield>
  </datafield>
  <datafield tag="040" ind1=" " ind2=" ">
    <subfield code="a">MH</subfield>
    <subfield code="b">eng</subfield>
    <subfield code="e">rda</subfield>
    <subfield code="c">MH</subfield>
    <subfield code="d">OU</subfield>
  </datafield>
  <datafield tag="046" ind1=" " ind2=" ">
    <subfield code="f">1904-04-24</subfield>
    <subfield code="g">1983-04-27</subfield>
    <subfield code="2">edtf</subfield>
  </datafield>
  <datafield tag="100" ind1="1" ind2=" ">
    <subfield code="a">Kohlschmidt, Werner,</subfield>
    <subfield code="d">1904-1983</subfield>
  </datafield>
  <datafield tag="370" ind1=" " ind2=" ">
    <subfield code="a">Magdeburg (Germany)</subfield>
    <subfield code="2">naf</subfield>
  </datafield>
  <datafield tag="370" ind1=" " ind2=" ">
    <subfield code="b">Muri (Bern, Switzerland)</subfield>
  </datafield>
  <datafield tag="374" ind1=" " ind2=" ">
    <subfield code="a">Literary historians</subfield>
    <subfield code="a">Philologists</subfield>
    <subfield code="a">College teachers</subfield>
    <subfield code="2">lcsh</subfield>
  </datafield>
  <datafield tag="375" ind1=" " ind2=" ">
    <subfield code="a">Males</subfield>
    <subfield code="2">lcdgt</subfield>
  </datafield>
  <datafield tag="670" ind1=" " ind2=" ">
    <subfield code="a">Selbständigkeit und Hingabe, c1980:</subfield>
    <subfield code="b">t.p. (Werner Kohlschmidt) p. 66 (b. 1904; prof., Deutsches Sem., Univ. Bern)</subfield>
  </datafield>
  <datafield tag="670" ind1=" " ind2=" ">
    <subfield code="a">LC data base, 2-27-84</subfield>
    <subfield code="b">(hdg.: Kohlschmidt, Werner, 1904- )</subfield>
  </datafield>
  <datafield tag="670" ind1=" " ind2=" ">
    <subfield code="a">Wikidata via Wikipedia, January 2, 2020</subfield>
    <subfield code="b">(alias: Werner Kohlschmidt; instance of: human; sex or gender: male; GND identifier: 118713639; VIAF identifier: 109388633; LCAuth identifier: n84800399; date of birth: +1904-04-24T00:00:00Z; date of death: +1983-04-27T00:00:00Z; given name: Werner; work location: Bern; occupation: philologist, literary historian, university teacher; People Australia identifier: 894621; country of citizenship: Germany; place of birth: Magdeburg; employer: University of Kiel, University of Bern; Nobel Prize People Nomination ID (P3360): 12274; place of death: Muri bei Bern; ISNI (P213): 0000000109330995; NTA identifier (Netherlands): 068147961; SHARE Catalogue author ID (P3987): 131960; BnF identifier: 124669547; SUDOC authorities: 033854556; languages spoken or published: German; NKC identifier: jx20090507004; BDEL ID (P6231): 77194; Open Library identifier: OL128367A; HDS: 011666; description/label: deutscher Germanist, Duits filoloog , German philologist, tysk professor)</subfield>
    <subfield code="u">http://www.wikidata.org/entity/Q19311536</subfield>
  </datafield>
  <datafield tag="953" ind1=" " ind2=" ">
    <subfield code="a">bz59</subfield>
  </datafield>
</record>