
<record>
  <leader>02123cz  a2200217n  4500</leader>
  <controlfield tag="001">1541168</controlfield>
  <controlfield tag="003">DLC</controlfield>
  <controlfield tag="005">20200103073215.0</controlfield>
  <controlfield tag="008">851119n| azannaabn          |n aaa      </controlfield>
  <datafield tag="010" ind1=" " ind2=" ">
    <subfield code="a">n  85208399 </subfield>
  </datafield>
  <datafield tag="035" ind1=" " ind2=" ">
    <subfield code="a">(OCoLC)oca01501998</subfield>
  </datafield>
  <datafield tag="040" ind1=" " ind2=" ">
    <subfield code="a">DLC</subfield>
    <subfield code="b">eng</subfield>
    <subfield code="e">rda</subfield>
    <subfield code="c">DLC</subfield>
    <subfield code="d">OU</subfield>
  </datafield>
  <datafield tag="046" ind1=" " ind2=" ">
    <subfield code="f">1902-07-19</subfield>
    <subfield code="g">1992-08-03</subfield>
    <subfield code="2">edtf</subfield>
  </datafield>
  <datafield tag="100" ind1="1" ind2=" ">
    <subfield code="a">Bröcker, Walter,</subfield>
    <subfield code="d">1902-1992</subfield>
  </datafield>
  <datafield tag="370" ind1=" " ind2=" ">
    <subfield code="a">Itzehoe (Germany)</subfield>
    <subfield code="b">Kiel (Germany)</subfield>
    <subfield code="2">naf</subfield>
  </datafield>
  <datafield tag="374" ind1=" " ind2=" ">
    <subfield code="a">Philosophers</subfield>
    <subfield code="a">College teachers</subfield>
    <subfield code="2">lcsh</subfield>
  </datafield>
  <datafield tag="375" ind1=" " ind2=" ">
    <subfield code="a">Males</subfield>
    <subfield code="2">lcdgt</subfield>
  </datafield>
  <datafield tag="670" ind1=" " ind2=" ">
    <subfield code="a">Heidegger, M. Phänomenologische Interpretationen zu Aristoteles, c1985:</subfield>
    <subfield code="b">t.p. verso (Walter Bröcker)</subfield>
  </datafield>
  <datafield tag="670" ind1=" " ind2=" ">
    <subfield code="a">LC data base, 11-4-85</subfield>
    <subfield code="b">(hdg.: Bröcker, Walter, 1902- )</subfield>
  </datafield>
  <datafield tag="670" ind1=" " ind2=" ">
    <subfield code="a">Wikidata via Wikipedia, January 2, 2020</subfield>
    <subfield code="b">(alias: Walter Brocker; sex or gender: male; GND identifier: 116559500; place of birth: Itzehoe; place of death: Kiel; country of citizenship: Germany; instance of: human; member of political party: Nazi Party; date of birth: +1902-07-19T00:00:00Z; date of death: +1992-08-03T00:00:00Z; employer: University of Kiel, University of Rostock; given name: Walter; NTA identifier (Netherlands): 069677050; work location: Rostock, Kiel; occupation: philosopher, university teacher; LCAuth identifier: n85208399; member of: Sturmabteilung; Catalogus Professorum Rostochiensium ID (P2940): 00002746; languages spoken or published: German; NDL identifier: 00434430; BIBSYS identifier: 90175073; NUKAT authorities: n98042181; LNB identifier: 000126485; ISNI (P213): 0000000110322060; VIAF identifier: 108513882; SUDOC authorities: 083181741; Angelicum author ID (P5731): 18436; SHARE Catalogue author ID (P3987): 385949; National Library of Korea Identifier (P5034): KAC2018I3162; PUSC author ID (P5739): 11581; description/label: deutscher Philosoph, Duits filosoof , fealsamh Gearmánach, filòsof alemany, filosof german, filósofo alemán, filosofo tedesco, filozof gjerman, German philosopher, philosophe allemand, professor académico alemão, Saksamaa filosoof, tysk professor, פילוסוף גרמני, فيلسوف ألماني)</subfield>
    <subfield code="u">http://www.wikidata.org/entity/Q1484965</subfield>
  </datafield>
  <datafield tag="953" ind1=" " ind2=" ">
    <subfield code="a">ec06</subfield>
  </datafield>
</record>