
<record>
  <leader>01460cz  a2200277n  4500</leader>
  <controlfield tag="001">1578628</controlfield>
  <controlfield tag="003">DLC</controlfield>
  <controlfield tag="005">20200103073248.0</controlfield>
  <controlfield tag="008">860924n| azannaabn          |a aaa      </controlfield>
  <datafield tag="010" ind1=" " ind2=" ">
    <subfield code="a">n  86854089 </subfield>
    <subfield code="z">no2010167822</subfield>
  </datafield>
  <datafield tag="035" ind1=" " ind2=" ">
    <subfield code="a">(OCoLC)oca01680276</subfield>
  </datafield>
  <datafield tag="040" ind1=" " ind2=" ">
    <subfield code="a">DLC</subfield>
    <subfield code="b">eng</subfield>
    <subfield code="e">rda</subfield>
    <subfield code="c">DLC</subfield>
    <subfield code="d">DLC</subfield>
    <subfield code="d">OCoLC</subfield>
    <subfield code="d">WaU</subfield>
    <subfield code="d">DLC</subfield>
    <subfield code="d">WU</subfield>
    <subfield code="d">PPi-MA</subfield>
  </datafield>
  <datafield tag="046" ind1=" " ind2=" ">
    <subfield code="f">1928-02-26</subfield>
    <subfield code="g">2019-12-15</subfield>
    <subfield code="2">edtf</subfield>
  </datafield>
  <datafield tag="100" ind1="1" ind2=" ">
    <subfield code="a">Leyrac, Monique</subfield>
  </datafield>
  <datafield tag="370" ind1=" " ind2=" ">
    <subfield code="a">Montréal (Québec)</subfield>
    <subfield code="b">Cowansville (Québec)</subfield>
    <subfield code="c">Canada</subfield>
    <subfield code="2">naf</subfield>
  </datafield>
  <datafield tag="374" ind1=" " ind2=" ">
    <subfield code="a">Singers</subfield>
    <subfield code="a">Actresses</subfield>
    <subfield code="2">lcsh</subfield>
  </datafield>
  <datafield tag="375" ind1=" " ind2=" ">
    <subfield code="a">Females</subfield>
    <subfield code="2">lcdgt</subfield>
  </datafield>
  <datafield tag="377" ind1=" " ind2=" ">
    <subfield code="a">fre</subfield>
  </datafield>
  <datafield tag="400" ind1="1" ind2=" ">
    <subfield code="a">Tremblay, Monique</subfield>
  </datafield>
  <datafield tag="670" ind1=" " ind2=" ">
    <subfield code="a">Mon enfance à Rosemont, 1983:</subfield>
    <subfield code="b">t.p. (Monique Leyrac)</subfield>
  </datafield>
  <datafield tag="670" ind1=" " ind2=" ">
    <subfield code="a">NLC, 6/19/86</subfield>
    <subfield code="b">(AACR 2: Leyrac, Monique)</subfield>
  </datafield>
  <datafield tag="670" ind1=" " ind2=" ">
    <subfield code="a">Chansonniers du Québec. Les Chansonniers du Québec [SR], 1978:</subfield>
    <subfield code="b">container (Monique Leyrac, vocals)</subfield>
  </datafield>
  <datafield tag="670" ind1=" " ind2=" ">
    <subfield code="a">Encyclopedia of music in Canada, via WWW, Mar. 22, 2011</subfield>
    <subfield code="b">(Monique Leyrac (b Tremblay). Singer, actress, b Montreal 26 Feb 1928; appointed an Officer of the Order of Canada in 1967 and received the 1979 Prix de musique Calixa-Lavallée; published an autobiographical volume, Mon enfance à Rosemont (Montreal 1983))</subfield>
  </datafield>
  <datafield tag="670" ind1=" " ind2=" ">
    <subfield code="a">Wikipedia, Mar. 22, 2011</subfield>
    <subfield code="b">(Monique Leyrac, OC, CQ (b. 26 Feb. 1928); Canadian singer and actress from Quebec; born Monique Tremblay in Montreal, Quebec, 1928)</subfield>
  </datafield>
  <datafield tag="670" ind1=" " ind2=" ">
    <subfield code="a">Wikipedia, December 17, 2019</subfield>
    <subfield code="b">(Monique Leyrac; died December 15, 2019, Cowansville, Québec)</subfield>
  </datafield>
  <datafield tag="953" ind1=" " ind2=" ">
    <subfield code="a">eb17</subfield>
    <subfield code="b">ec05</subfield>
  </datafield>
</record>