
<record>
  <leader>01773cz  a2200337n  4500</leader>
  <controlfield tag="001">1593193</controlfield>
  <controlfield tag="003">DLC</controlfield>
  <controlfield tag="005">20200103113541.0</controlfield>
  <controlfield tag="008">870916n| azannaabn          |b aaa     c</controlfield>
  <datafield tag="010" ind1=" " ind2=" ">
    <subfield code="a">n  87893509 </subfield>
  </datafield>
  <datafield tag="035" ind1=" " ind2=" ">
    <subfield code="a">(OCoLC)oca01941781</subfield>
  </datafield>
  <datafield tag="040" ind1=" " ind2=" ">
    <subfield code="a">NjP</subfield>
    <subfield code="b">eng</subfield>
    <subfield code="e">rda</subfield>
    <subfield code="c">DLC</subfield>
    <subfield code="d">MoSW</subfield>
    <subfield code="d">DLC</subfield>
    <subfield code="d">InU</subfield>
    <subfield code="d">NcU</subfield>
    <subfield code="d">InU</subfield>
    <subfield code="d">DLC</subfield>
  </datafield>
  <datafield tag="046" ind1=" " ind2=" ">
    <subfield code="f">1866</subfield>
    <subfield code="g">1930-05-30</subfield>
    <subfield code="2">edtf</subfield>
  </datafield>
  <datafield tag="053" ind1=" " ind2="0">
    <subfield code="a">PG3467.N22</subfield>
  </datafield>
  <datafield tag="100" ind1="1" ind2=" ">
    <subfield code="a">Nagrodskai︠a︡, E.</subfield>
  </datafield>
  <datafield tag="372" ind1=" " ind2=" ">
    <subfield code="a">Fiction</subfield>
    <subfield code="a">Short stories, Russian</subfield>
    <subfield code="2">lcsh</subfield>
  </datafield>
  <datafield tag="374" ind1=" " ind2=" ">
    <subfield code="a">Novelists, Russian</subfield>
    <subfield code="a">Authors, Russian</subfield>
    <subfield code="2">lcsh</subfield>
  </datafield>
  <datafield tag="377" ind1=" " ind2=" ">
    <subfield code="a">rus</subfield>
  </datafield>
  <datafield tag="400" ind1="1" ind2=" ">
    <subfield code="a">Нагродская, Е.</subfield>
  </datafield>
  <datafield tag="400" ind1="1" ind2=" ">
    <subfield code="a">Нагродская, Евдокия Аполлоновна</subfield>
  </datafield>
  <datafield tag="400" ind1="1" ind2=" ">
    <subfield code="a">Nagrodskai︠a︡, Evdokii︠a︡ Apollonovna</subfield>
  </datafield>
  <datafield tag="400" ind1="1" ind2=" ">
    <subfield code="a">Nagrodskaia, Evdokia</subfield>
  </datafield>
  <datafield tag="400" ind1="1" ind2=" ">
    <subfield code="a">Nagrodskaja, Evdokija A.</subfield>
  </datafield>
  <datafield tag="667" ind1=" " ind2=" ">
    <subfield code="a">Non-Latin script references not evaluated.</subfield>
  </datafield>
  <datafield tag="670" ind1=" " ind2=" ">
    <subfield code="a">Her Taĭna sonetov, 1927:</subfield>
    <subfield code="b">t.p. (E. Nagrodskai︠a︡)</subfield>
  </datafield>
  <datafield tag="670" ind1=" " ind2=" ">
    <subfield code="a">Gnev Dionisa, 1994:</subfield>
    <subfield code="b">t.p. (E. Nagrodskai︠a︡) colophon (Nagrodskai︠a︡, Evdokii︠a︡ Apollonovna)</subfield>
  </datafield>
  <datafield tag="670" ind1=" " ind2=" ">
    <subfield code="a">The wrath of Dionysus, 1997:</subfield>
    <subfield code="b">CIP t.p. (Evdokia Nagrodskaia) introd. (1866-1930)</subfield>
  </datafield>
  <datafield tag="670" ind1=" " ind2=" ">
    <subfield code="a">Schlüssel zum Glück und Kreuzwege der Leidenschaften, 2002:</subfield>
    <subfield code="b">t.p. (Evdokija A. Nagrodskaja) p. 470 (b. 1866; d. May 30, 1930)</subfield>
  </datafield>
  <datafield tag="670" ind1=" " ind2=" ">
    <subfield code="a">Zapiski Romana Vasilʹeva, 1922:</subfield>
    <subfield code="b">t.p. (Е. Нагродская = E. Nagrodskai︠a︡) spine (Е.А. Нагродская = E.A. Nagrodskai︠a︡)</subfield>
  </datafield>
  <datafield tag="670" ind1=" " ind2=" ">
    <subfield code="a">Russian National Library card catalog online, viewed 03 January 2020:</subfield>
    <subfield code="b">(heading: Нагродская, Евдокия Аполлоновна, 1866-1930 = Nagrodskai︠a︡, Evdokii︠a︡ Apollonovna; usage: E. Nagrodskai︠a︡, E.A. Nagrodskai︠a︡: author of novels, short stories, screenplay)</subfield>
  </datafield>
  <datafield tag="953" ind1=" " ind2=" ">
    <subfield code="a">bz63</subfield>
    <subfield code="b">le08</subfield>
  </datafield>
</record>