
<record>
  <leader>00775cz  a2200217n  4500</leader>
  <controlfield tag="001">1605405</controlfield>
  <controlfield tag="003">DLC</controlfield>
  <controlfield tag="005">20200103073154.0</controlfield>
  <controlfield tag="008">880714n| azannaabn          |n aaa      </controlfield>
  <datafield tag="010" ind1=" " ind2=" ">
    <subfield code="a">n  88082639 </subfield>
    <subfield code="z">nr2001024527</subfield>
  </datafield>
  <datafield tag="035" ind1=" " ind2=" ">
    <subfield code="a">(OCoLC)oca02319498</subfield>
  </datafield>
  <datafield tag="040" ind1=" " ind2=" ">
    <subfield code="a">DLC</subfield>
    <subfield code="b">eng</subfield>
    <subfield code="e">rda</subfield>
    <subfield code="c">DLC</subfield>
    <subfield code="d">DLC</subfield>
    <subfield code="d">ICU</subfield>
    <subfield code="d">InU</subfield>
  </datafield>
  <datafield tag="046" ind1=" " ind2=" ">
    <subfield code="f">1950</subfield>
    <subfield code="2">edtf</subfield>
  </datafield>
  <datafield tag="100" ind1="1" ind2=" ">
    <subfield code="a">Tandecki, Janusz</subfield>
  </datafield>
  <datafield tag="375" ind1=" " ind2=" ">
    <subfield code="a">Males</subfield>
    <subfield code="2">lcdgt</subfield>
  </datafield>
  <datafield tag="377" ind1=" " ind2=" ">
    <subfield code="a">pol</subfield>
  </datafield>
  <datafield tag="378" ind1=" " ind2=" ">
    <subfield code="q">Janusz Stefan</subfield>
  </datafield>
  <datafield tag="670" ind1=" " ind2=" ">
    <subfield code="a">His Kancelarie toruńskich korporacji rzemieślniczych w okresie staropolskim, 1987:</subfield>
    <subfield code="b">t.p. (Janusz Tandecki)</subfield>
  </datafield>
  <datafield tag="670" ind1=" " ind2=" ">
    <subfield code="a">Biblioteka Narodowa database, July 14, 2014:</subfield>
    <subfield code="b">(hdg.: Tandecki, Janusz (1950- ))</subfield>
  </datafield>
  <datafield tag="670" ind1=" " ind2=" ">
    <subfield code="a">DNB in VIAF, January 2, 2020</subfield>
    <subfield code="b">(hdg.: Tandecki, Janusz 1950- ; Tandecki, Janusz Stefan; historian)</subfield>
  </datafield>
  <datafield tag="953" ind1=" " ind2=" ">
    <subfield code="a">ee33</subfield>
    <subfield code="b">ta03</subfield>
  </datafield>
</record>