
<record>
  <leader>01868cz  a2200289n  4500</leader>
  <controlfield tag="001">1609973</controlfield>
  <controlfield tag="003">DLC</controlfield>
  <controlfield tag="005">20200103073326.0</controlfield>
  <controlfield tag="008">890810n| azannaabn           a aaa      </controlfield>
  <datafield tag="010" ind1=" " ind2=" ">
    <subfield code="a">n  88154249 </subfield>
  </datafield>
  <datafield tag="035" ind1=" " ind2=" ">
    <subfield code="a">(OCoLC)oca02577770</subfield>
  </datafield>
  <datafield tag="040" ind1=" " ind2=" ">
    <subfield code="a">DLC</subfield>
    <subfield code="b">eng</subfield>
    <subfield code="e">rda</subfield>
    <subfield code="c">DLC</subfield>
    <subfield code="d">DLC</subfield>
    <subfield code="d">GVaS</subfield>
  </datafield>
  <datafield tag="046" ind1=" " ind2=" ">
    <subfield code="f">1958</subfield>
    <subfield code="2">edtf</subfield>
  </datafield>
  <datafield tag="100" ind1="1" ind2=" ">
    <subfield code="a">Smith, Elizabeth A. T.,</subfield>
    <subfield code="d">1958-</subfield>
  </datafield>
  <datafield tag="370" ind1=" " ind2=" ">
    <subfield code="c">United States</subfield>
    <subfield code="e">New York (N.Y.)</subfield>
    <subfield code="2">naf</subfield>
  </datafield>
  <datafield tag="372" ind1=" " ind2=" ">
    <subfield code="a">Art and history</subfield>
    <subfield code="a">Art museums--Curatorship</subfield>
    <subfield code="a">Architecture</subfield>
    <subfield code="a">Education</subfield>
    <subfield code="a">Authorship</subfield>
    <subfield code="2">lcsh</subfield>
  </datafield>
  <datafield tag="373" ind1=" " ind2=" ">
    <subfield code="a">Helen Frankenthaler Foundation</subfield>
    <subfield code="2">naf</subfield>
    <subfield code="s">2013</subfield>
  </datafield>
  <datafield tag="373" ind1=" " ind2=" ">
    <subfield code="a">Columbia University. Graduate School of Arts and Sciences</subfield>
    <subfield code="2">naf</subfield>
    <subfield code="t">1980</subfield>
  </datafield>
  <datafield tag="373" ind1=" " ind2=" ">
    <subfield code="a">Barnard College</subfield>
    <subfield code="2">naf</subfield>
    <subfield code="t">1979</subfield>
  </datafield>
  <datafield tag="374" ind1=" " ind2=" ">
    <subfield code="a">Art historians</subfield>
    <subfield code="a">Art museum curators</subfield>
    <subfield code="a">Educators</subfield>
    <subfield code="a">Authors</subfield>
    <subfield code="2">lcsh</subfield>
  </datafield>
  <datafield tag="375" ind1=" " ind2=" ">
    <subfield code="a">Females</subfield>
    <subfield code="2">lcdgt</subfield>
  </datafield>
  <datafield tag="377" ind1=" " ind2=" ">
    <subfield code="a">eng</subfield>
  </datafield>
  <datafield tag="510" ind1="2" ind2=" ">
    <subfield code="w">r</subfield>
    <subfield code="i">Employer:</subfield>
    <subfield code="a">Helen Frankenthaler Foundation</subfield>
  </datafield>
  <datafield tag="670" ind1=" " ind2=" ">
    <subfield code="a">Blueprints for modern living, c1989:</subfield>
    <subfield code="b">CIP t.p. (Elizabeth A.T. Smith) data sheet (b. 1958)</subfield>
  </datafield>
  <datafield tag="670" ind1=" " ind2=" ">
    <subfield code="a">Revolution in the making, 2016:</subfield>
    <subfield code="b">title page (Elizabeth A.T. Smith)</subfield>
  </datafield>
  <datafield tag="670" ind1=" " ind2=" ">
    <subfield code="a">Art Daily website, viewed December 9, 2019</subfield>
    <subfield code="b">(Elizabeth Smith is Executive Director of the Helen Frankenthaler Foundation since September 2013. She is an art historian, curator, author, and educator with special expertise in visual art, public art, and architecture from the mid-twentieth century to today. She earned her B.A. from Barnard College, Columbia University, in 1979, with concentration in language, literature, and the history of Spain; and her M.A. in art history from Columbia&apos;s Graduate School of Arts and Sciences, in 1980, where her major field was nineteenth- and twentieth-century European and American painting and sculpture)</subfield>
    <subfield code="u">https://artdaily.cc/news/63672/Helen-Frankenthaler-Foundation-announces-appointment-of-Elizabeth-Smith-as-Executive-Director#.Xe53d-hKi70</subfield>
  </datafield>
  <datafield tag="953" ind1=" " ind2=" ">
    <subfield code="a">ba02</subfield>
  </datafield>
</record>