
<record>
  <leader>00819cz  a2200229n  4500</leader>
  <controlfield tag="001">1620825</controlfield>
  <controlfield tag="003">DLC</controlfield>
  <controlfield tag="005">20200103073312.0</controlfield>
  <controlfield tag="008">950825n| azaabaaan          |a ana      </controlfield>
  <datafield tag="010" ind1=" " ind2=" ">
    <subfield code="a">n  88539869 </subfield>
  </datafield>
  <datafield tag="035" ind1=" " ind2=" ">
    <subfield code="a">(OCoLC)oca03906414</subfield>
  </datafield>
  <datafield tag="040" ind1=" " ind2=" ">
    <subfield code="a">DNLM</subfield>
    <subfield code="b">eng</subfield>
    <subfield code="e">rda</subfield>
    <subfield code="c">DLC</subfield>
    <subfield code="d">DNLM</subfield>
  </datafield>
  <datafield tag="130" ind1=" " ind2="0">
    <subfield code="a">Oxford clinical nephrology series</subfield>
  </datafield>
  <datafield tag="380" ind1=" " ind2=" ">
    <subfield code="a">Series (Publications)</subfield>
    <subfield code="a">Monographic series</subfield>
    <subfield code="2">lcsh</subfield>
  </datafield>
  <datafield tag="530" ind1=" " ind2="0">
    <subfield code="w">r</subfield>
    <subfield code="i">Continuation of (work):</subfield>
    <subfield code="a">Oxford monographs on clinical nephrology</subfield>
  </datafield>
  <datafield tag="643" ind1=" " ind2=" ">
    <subfield code="a">Oxford</subfield>
    <subfield code="a">New York</subfield>
    <subfield code="b">Oxford University Press</subfield>
  </datafield>
  <datafield tag="644" ind1=" " ind2=" ">
    <subfield code="a">f</subfield>
    <subfield code="5">DLC</subfield>
  </datafield>
  <datafield tag="645" ind1=" " ind2=" ">
    <subfield code="a">t</subfield>
    <subfield code="5">DPCC</subfield>
    <subfield code="5">DLC</subfield>
  </datafield>
  <datafield tag="646" ind1=" " ind2=" ">
    <subfield code="a">s</subfield>
    <subfield code="5">DLC</subfield>
  </datafield>
  <datafield tag="670" ind1=" " ind2=" ">
    <subfield code="a">Dialysis amyloid, 1995:</subfield>
    <subfield code="b">CIP ser. t.p. (Oxford clinical nephrology series)</subfield>
  </datafield>
  <datafield tag="670" ind1=" " ind2=" ">
    <subfield code="a">Prevention of progressive chronic renal failure, 1993:</subfield>
    <subfield code="b">ser. t.p. (Oxford monographs on clinical nephrology)</subfield>
  </datafield>
  <datafield tag="953" ind1=" " ind2=" ">
    <subfield code="a">yz57</subfield>
  </datafield>
</record>