
<record>
  <leader>01723cz  a2200289n  4500</leader>
  <controlfield tag="001">1628532</controlfield>
  <controlfield tag="003">DLC</controlfield>
  <controlfield tag="005">20200103073156.0</controlfield>
  <controlfield tag="008">881227n| azannaabn          |a aad      </controlfield>
  <datafield tag="010" ind1=" " ind2=" ">
    <subfield code="a">n  88681959 </subfield>
  </datafield>
  <datafield tag="016" ind1=" " ind2=" ">
    <subfield code="a">0016G6603E</subfield>
  </datafield>
  <datafield tag="035" ind1=" " ind2=" ">
    <subfield code="a">(OCoLC)oca02429837</subfield>
  </datafield>
  <datafield tag="040" ind1=" " ind2=" ">
    <subfield code="a">DLC</subfield>
    <subfield code="b">eng</subfield>
    <subfield code="e">rda</subfield>
    <subfield code="c">DLC</subfield>
    <subfield code="d">UkCU</subfield>
    <subfield code="d">CaOONL</subfield>
  </datafield>
  <datafield tag="042" ind1=" " ind2=" ">
    <subfield code="a">nlc</subfield>
  </datafield>
  <datafield tag="046" ind1=" " ind2=" ">
    <subfield code="f">1952</subfield>
    <subfield code="2">edtf</subfield>
  </datafield>
  <datafield tag="100" ind1="1" ind2=" ">
    <subfield code="a">Lynk, Michael</subfield>
  </datafield>
  <datafield tag="370" ind1=" " ind2=" ">
    <subfield code="c">Canada</subfield>
    <subfield code="2">naf</subfield>
  </datafield>
  <datafield tag="377" ind1=" " ind2=" ">
    <subfield code="a">eng</subfield>
  </datafield>
  <datafield tag="400" ind1="1" ind2=" ">
    <subfield code="a">Lynk, S. Michael</subfield>
  </datafield>
  <datafield tag="510" ind1="2" ind2=" ">
    <subfield code="w">r</subfield>
    <subfield code="i">corporate body:</subfield>
    <subfield code="a">Labour Law Casebook Group</subfield>
    <subfield code="0">(DLC)n  86094206</subfield>
  </datafield>
  <datafield tag="670" ind1=" " ind2=" ">
    <subfield code="a">nuc88-138739: Calhoun, S. The Lockeport lockout, c1983</subfield>
    <subfield code="b">(hdg. on WHi rept.: Lynk, Michael; usage: Michael Lynk)</subfield>
  </datafield>
  <datafield tag="670" ind1=" " ind2=" ">
    <subfield code="a">Globalization and the future of labour law, 2006:</subfield>
    <subfield code="b">t.p. (S. Michael Lynk) half t.p. (associate prof. of law, Univ. of Western Ontario)</subfield>
  </datafield>
  <datafield tag="670" ind1=" " ind2=" ">
    <subfield code="a">Amicus, Sept. 24, 2007</subfield>
    <subfield code="b">(hdg.: Lynk, Michael; :Lynk, S. Michael (Stanley Michael), 1952-)</subfield>
  </datafield>
  <datafield tag="670" ind1=" " ind2=" ">
    <subfield code="a">Univ. of Western Ontario WWW pages, Sept. 25, 2007:</subfield>
    <subfield code="b">faculties/law/faculty &amp; staff (Lynk, Michael; BA (Hons.) Dalhousie 1974, LLB (Dalhousie) 1981, LLM (Queen&apos;s); joined Faculty of Law in 1999, after practising labour and employment law in Toronto and Ottawa for a number of years; served as a vice-chair on the Ontario Public Service Grievance Board; worked with the United Nations in the Middle East on refugee and human rights issues)</subfield>
  </datafield>
  <datafield tag="670" ind1=" " ind2=" ">
    <subfield code="a">Labour and employment law, 2018:</subfield>
    <subfield code="b">title page (compiled by a group of teachers of labour and employment law known as the Labour Law Casebook Group) page iii (The labour Law Casebook Group: Michael Lynk, Western University)</subfield>
  </datafield>
  <datafield tag="670" ind1=" " ind2=" ">
    <subfield code="a">LAC internal file, January 2, 2020</subfield>
    <subfield code="b">(access point: Lynk, Michael; Canadian; born 1952)</subfield>
  </datafield>
  <datafield tag="953" ind1=" " ind2=" ">
    <subfield code="a">ne12</subfield>
  </datafield>
</record>