
<record>
  <leader>01436cz  a2200313n  4500</leader>
  <controlfield tag="001">1715443</controlfield>
  <controlfield tag="003">DLC</controlfield>
  <controlfield tag="005">20200103073310.0</controlfield>
  <controlfield tag="008">930623n| azannaabn          |a aaa      </controlfield>
  <datafield tag="010" ind1=" " ind2=" ">
    <subfield code="a">n  93059819 </subfield>
  </datafield>
  <datafield tag="035" ind1=" " ind2=" ">
    <subfield code="a">(OCoLC)oca03397683</subfield>
  </datafield>
  <datafield tag="040" ind1=" " ind2=" ">
    <subfield code="a">DLC</subfield>
    <subfield code="b">eng</subfield>
    <subfield code="e">rda</subfield>
    <subfield code="c">DLC</subfield>
    <subfield code="d">MnMN</subfield>
    <subfield code="d">DLC</subfield>
    <subfield code="d">UPB</subfield>
    <subfield code="d">IEN</subfield>
    <subfield code="d">WaBeW</subfield>
  </datafield>
  <datafield tag="046" ind1=" " ind2=" ">
    <subfield code="f">1960-09-13</subfield>
    <subfield code="2">edtf</subfield>
  </datafield>
  <datafield tag="053" ind1=" " ind2="0">
    <subfield code="a">PS3556.A4877</subfield>
  </datafield>
  <datafield tag="100" ind1="1" ind2=" ">
    <subfield code="a">Fancher, Lou</subfield>
  </datafield>
  <datafield tag="370" ind1=" " ind2=" ">
    <subfield code="a">Michigan</subfield>
    <subfield code="e">Moraga (Calif.)</subfield>
    <subfield code="2">naf</subfield>
  </datafield>
  <datafield tag="373" ind1=" " ind2=" ">
    <subfield code="a">University of Cincinnati</subfield>
    <subfield code="2">naf</subfield>
  </datafield>
  <datafield tag="373" ind1=" " ind2=" ">
    <subfield code="a">Pixar (Firm)</subfield>
    <subfield code="2">naf</subfield>
  </datafield>
  <datafield tag="374" ind1=" " ind2=" ">
    <subfield code="a">Illustrators</subfield>
    <subfield code="2">lcsh</subfield>
  </datafield>
  <datafield tag="374" ind1=" " ind2=" ">
    <subfield code="a">Dance teachers</subfield>
    <subfield code="2">lcsh</subfield>
  </datafield>
  <datafield tag="374" ind1=" " ind2=" ">
    <subfield code="a">Choreographers</subfield>
    <subfield code="2">lcsh</subfield>
  </datafield>
  <datafield tag="375" ind1=" " ind2=" ">
    <subfield code="a">female</subfield>
  </datafield>
  <datafield tag="400" ind1="1" ind2=" ">
    <subfield code="a">Fancher, Louise</subfield>
  </datafield>
  <datafield tag="670" ind1=" " ind2=" ">
    <subfield code="a">Peach and Blue, 1994:</subfield>
    <subfield code="b">CIP t.p. (Lou Fancher)</subfield>
  </datafield>
  <datafield tag="670" ind1=" " ind2=" ">
    <subfield code="a">U.S. copyright file, Dec. 1, 2009</subfield>
    <subfield code="b">(Fancher, Louise; usage: Lou Fancher)</subfield>
  </datafield>
  <datafield tag="670" ind1=" " ind2=" ">
    <subfield code="a">For the love of music, c2011:</subfield>
    <subfield code="b">dust jacket (illustrates with Steve Johnson; has worked with Pixar animation doing character and set development; lives in Moraga, California)</subfield>
  </datafield>
  <datafield tag="670" ind1=" " ind2=" ">
    <subfield code="a">Children&apos;s literature network, via WWW, Feb. 12, 2012</subfield>
    <subfield code="b">(b. Sept. 13 in Michigan; BFA, Dance, University of Cincinnati; began illustrating with husband Steve Johnson in 1979; a ballet mistress, choreographer, dancer, and rehearsal director)</subfield>
  </datafield>
  <datafield tag="670" ind1=" " ind2=" ">
    <subfield code="a">Encyclopedia.com, January 2, 2020:</subfield>
    <subfield code="b">Fancher, Lou 1960- (born 1960)</subfield>
    <subfield code="u">https://www.encyclopedia.com/children/scholarly-magazines/fancher-lou-1960</subfield>
  </datafield>
  <datafield tag="953" ind1=" " ind2=" ">
    <subfield code="a">lb08</subfield>
    <subfield code="b">td07</subfield>
  </datafield>
</record>