
<record>
  <leader>01068cz  a2200241n  4500</leader>
  <controlfield tag="001">1794341</controlfield>
  <controlfield tag="003">DLC</controlfield>
  <controlfield tag="005">20200103073250.0</controlfield>
  <controlfield tag="008">970731n| azannaabn          |a aaa     c</controlfield>
  <datafield tag="010" ind1=" " ind2=" ">
    <subfield code="a">nr 97026959 </subfield>
    <subfield code="z">nr 97026833 </subfield>
  </datafield>
  <datafield tag="035" ind1=" " ind2=" ">
    <subfield code="a">(OCoLC)oca04406453</subfield>
  </datafield>
  <datafield tag="040" ind1=" " ind2=" ">
    <subfield code="a">CtY-BR</subfield>
    <subfield code="b">eng</subfield>
    <subfield code="e">rda</subfield>
    <subfield code="c">CtY-BR</subfield>
    <subfield code="d">NIC</subfield>
    <subfield code="d">DLC</subfield>
    <subfield code="d">OCoLC</subfield>
    <subfield code="d">DNLM</subfield>
  </datafield>
  <datafield tag="046" ind1=" " ind2=" ">
    <subfield code="f">1880-12-05</subfield>
    <subfield code="g">1976-03-24</subfield>
    <subfield code="2">edtf</subfield>
  </datafield>
  <datafield tag="100" ind1="1" ind2=" ">
    <subfield code="a">Miró Quesada, Luis,</subfield>
    <subfield code="d">1880-1976</subfield>
  </datafield>
  <datafield tag="378" ind1=" " ind2=" ">
    <subfield code="q">Luis Miró Quesada de la Guerra</subfield>
  </datafield>
  <datafield tag="400" ind1="1" ind2=" ">
    <subfield code="a">Miró Quesada de la Guerra, Luis,</subfield>
    <subfield code="d">1880-1976</subfield>
  </datafield>
  <datafield tag="400" ind1="1" ind2=" ">
    <subfield code="a">Miró Quesada G., Luis,</subfield>
    <subfield code="d">1880-1976</subfield>
  </datafield>
  <datafield tag="400" ind1="1" ind2=" ">
    <subfield code="a">Quesada, Luis Miró,</subfield>
    <subfield code="d">1880-1976</subfield>
  </datafield>
  <datafield tag="670" ind1=" " ind2=" ">
    <subfield code="a">Luis Miró Quesada, 1880-1970, 1970:</subfield>
    <subfield code="b">port. (Luis Miró Quesada de la Guerra) p. 22, etc. (b. 1880, Lima, Peru; journalist, diplomat, politician, educator)</subfield>
  </datafield>
  <datafield tag="670" ind1=" " ind2=" ">
    <subfield code="a">Los 150 años de &quot;El Comercio&quot;, 1989:</subfield>
    <subfield code="b">p. 535 (Luis Miró Quesada de la Guerra; b. 5 Dec. 1880, Lima, Peru) p. 543 (d. 24 Mar. 1976, San Isidro, Lima, Peru)</subfield>
  </datafield>
  <datafield tag="670" ind1=" " ind2=" ">
    <subfield code="a">Solamente opiniones, 1994:</subfield>
    <subfield code="b">t.p. (Luis Miró Quesada G.)</subfield>
  </datafield>
  <datafield tag="953" ind1=" " ind2=" ">
    <subfield code="a">xx00</subfield>
    <subfield code="b">zz00</subfield>
  </datafield>
  <datafield tag="985" ind1=" " ind2=" ">
    <subfield code="c">RLG</subfield>
    <subfield code="e">LSPC</subfield>
  </datafield>
</record>