
<record>
  <leader>01071cz  a2200241n  4500</leader>
  <controlfield tag="001">1835344</controlfield>
  <controlfield tag="003">DLC</controlfield>
  <controlfield tag="005">20200103115947.0</controlfield>
  <controlfield tag="008">980207n| azannaab           |n aaa     c</controlfield>
  <datafield tag="010" ind1=" " ind2=" ">
    <subfield code="a">no 98063809 </subfield>
  </datafield>
  <datafield tag="035" ind1=" " ind2=" ">
    <subfield code="a">(OCoLC)oca04654808</subfield>
  </datafield>
  <datafield tag="035" ind1=" " ind2=" ">
    <subfield code="a">(DLC)no 98063809</subfield>
  </datafield>
  <datafield tag="040" ind1=" " ind2=" ">
    <subfield code="a">TxDN-Mu</subfield>
    <subfield code="b">eng</subfield>
    <subfield code="e">rda</subfield>
    <subfield code="c">TxDN-Mu</subfield>
    <subfield code="d">DLC</subfield>
  </datafield>
  <datafield tag="100" ind1="1" ind2=" ">
    <subfield code="a">Rutherford, Paris</subfield>
  </datafield>
  <datafield tag="370" ind1=" " ind2=" ">
    <subfield code="e">Dallas (Tex.)</subfield>
    <subfield code="2">naf</subfield>
  </datafield>
  <datafield tag="372" ind1=" " ind2=" ">
    <subfield code="a">Jazz</subfield>
    <subfield code="a">Arrangement (Music)</subfield>
    <subfield code="2">lcsh</subfield>
  </datafield>
  <datafield tag="373" ind1=" " ind2=" ">
    <subfield code="a">University of North Texas</subfield>
    <subfield code="2">naf</subfield>
  </datafield>
  <datafield tag="374" ind1=" " ind2=" ">
    <subfield code="a">University and college faculty members</subfield>
    <subfield code="a">Music teachers</subfield>
    <subfield code="2">lcdgt</subfield>
  </datafield>
  <datafield tag="374" ind1=" " ind2=" ">
    <subfield code="a">Arrangers (Musicians)</subfield>
    <subfield code="a">Choral conductors</subfield>
    <subfield code="a">Jazz musicians</subfield>
    <subfield code="2">lcsh</subfield>
  </datafield>
  <datafield tag="670" ind1=" " ind2=" ">
    <subfield code="a">University of North Texas. Jazz Singers. Foggy day [SR] p1997:</subfield>
    <subfield code="b">label (Paris Rutherford, director)</subfield>
  </datafield>
  <datafield tag="670" ind1=" " ind2=" ">
    <subfield code="a">Singers.com WWW site, January 3, 2020</subfield>
    <subfield code="b">(Paris Rutherford; retired Professor Emeritus in Jazz Studies at University of North Texas; taught vocal jazz studies and jazz arranging; native of Dallas, Texas; earned B.M.E. and M.M. at Southern Methodist)</subfield>
    <subfield code="u">https://www.singers.com/bio/3716</subfield>
  </datafield>
  <datafield tag="953" ind1=" " ind2=" ">
    <subfield code="a">xx00</subfield>
  </datafield>
  <datafield tag="985" ind1=" " ind2=" ">
    <subfield code="c">OCLC</subfield>
    <subfield code="e">LSPC</subfield>
  </datafield>
</record>