
<record>
  <leader>02647cz  a2200325n  4500</leader>
  <controlfield tag="001">1868801</controlfield>
  <controlfield tag="003">DLC</controlfield>
  <controlfield tag="005">20200103073217.0</controlfield>
  <controlfield tag="008">800801n| azannaabn          |a aaa      </controlfield>
  <datafield tag="010" ind1=" " ind2=" ">
    <subfield code="a">n  50042421 </subfield>
  </datafield>
  <datafield tag="035" ind1=" " ind2=" ">
    <subfield code="a">(OCoLC)oca00077594</subfield>
  </datafield>
  <datafield tag="040" ind1=" " ind2=" ">
    <subfield code="a">DLC</subfield>
    <subfield code="b">eng</subfield>
    <subfield code="e">rda</subfield>
    <subfield code="c">DLC</subfield>
    <subfield code="d">DLC</subfield>
    <subfield code="d">NjP</subfield>
    <subfield code="d">DLC</subfield>
    <subfield code="d">OU</subfield>
  </datafield>
  <datafield tag="046" ind1=" " ind2=" ">
    <subfield code="f">1903-08-02</subfield>
    <subfield code="g">1992-06-03</subfield>
    <subfield code="2">edtf</subfield>
  </datafield>
  <datafield tag="100" ind1="1" ind2=" ">
    <subfield code="a">Lotz, Johannes B.</subfield>
    <subfield code="q">(Johannes Baptist),</subfield>
    <subfield code="d">1903-1992</subfield>
  </datafield>
  <datafield tag="370" ind1=" " ind2=" ">
    <subfield code="a">Darmstadt (Germany)</subfield>
    <subfield code="b">Munich (Germany)</subfield>
    <subfield code="2">naf</subfield>
  </datafield>
  <datafield tag="374" ind1=" " ind2=" ">
    <subfield code="a">Philosophers</subfield>
    <subfield code="a">College teachers</subfield>
    <subfield code="2">lcsh</subfield>
  </datafield>
  <datafield tag="375" ind1=" " ind2=" ">
    <subfield code="a">Males</subfield>
    <subfield code="2">lcdgt</subfield>
  </datafield>
  <datafield tag="400" ind1="1" ind2=" ">
    <subfield code="a">Lotz, Ioannes B.,</subfield>
    <subfield code="d">1903-1992</subfield>
  </datafield>
  <datafield tag="400" ind1="1" ind2=" ">
    <subfield code="a">Lotz, J. B.</subfield>
    <subfield code="q">(Johannes Baptist),</subfield>
    <subfield code="d">1903-1992</subfield>
  </datafield>
  <datafield tag="400" ind1="1" ind2=" ">
    <subfield code="a">Lotz, Johann Baptist,</subfield>
    <subfield code="d">1903-1992</subfield>
  </datafield>
  <datafield tag="400" ind1="1" ind2=" ">
    <subfield code="a">Lotz, Johannes,</subfield>
    <subfield code="d">1903-1992</subfield>
  </datafield>
  <datafield tag="400" ind1="1" ind2=" ">
    <subfield code="w">nnaa</subfield>
    <subfield code="a">Lotz, Johannes Baptist,</subfield>
    <subfield code="d">1903-</subfield>
  </datafield>
  <datafield tag="400" ind1="1" ind2=" ">
    <subfield code="a">Lotz, Johannes Baptist,</subfield>
    <subfield code="d">1903-1992</subfield>
  </datafield>
  <datafield tag="670" ind1=" " ind2=" ">
    <subfield code="a">His Die Welt des Menschen, 1940:</subfield>
    <subfield code="b">title page (Johannes Lotz)</subfield>
  </datafield>
  <datafield tag="670" ind1=" " ind2=" ">
    <subfield code="a">His In jedem Menschen steckt ein Atheist, 1981:</subfield>
    <subfield code="b">t.p. (Johannes B. Lotz S.J.) spine (J. B. Lotz)</subfield>
  </datafield>
  <datafield tag="670" ind1=" " ind2=" ">
    <subfield code="a">His Geschichtlicher Wandel und unwandelbare Wahrheit, c1986:</subfield>
    <subfield code="b">t.p. (Johann Baptist Lotz)</subfield>
  </datafield>
  <datafield tag="670" ind1=" " ind2=" ">
    <subfield code="a">His Ontologia, 1963:</subfield>
    <subfield code="b">t.p. (Ioannes B. Lotz)</subfield>
  </datafield>
  <datafield tag="670" ind1=" " ind2=" ">
    <subfield code="a">Wikidata via Wikipedia, January 2, 2020</subfield>
    <subfield code="b">(alias: Johann Baptist Lotz, Johannes B. Lotz, Johannes Baptist Lotz; LCAuth identifier: n50042421; VIAF identifier: 108945376; GND identifier: 118729217; ISNI (P213): 0000000110323258; place of birth: Darmstadt; place of death: Munich; country of citizenship: Germany; instance of: human; date of birth: +1903-08-02T00:00:00Z; date of death: +1992-06-03T00:00:00Z; employer: Pontifical Gregorian University, Munich School of Philosophy; given name: Johannes; NTA identifier (Netherlands): 068229801; occupation: philosopher, university teacher; religious order: Society of Jesus; religion: Catholicism; SHARE Catalogue author ID (P3987): 160417; languages spoken or published: German; FAST-ID: 14587; Angelicum author ID (P5731): 24677; SUDOC authorities: 02840470X; BnF identifier: 120246265; sex or gender: male; CONOR identifier: 92842083; NKC identifier: jn20000603800; PUSC author ID (P5739): 47893; NUKAT authorities: n93090126; National Library of Korea Identifier (P5034): KAC2018H5183; description/label: deutscher Philosoph, Duits filosoof , fealsamh Gearmánach, filòsof alemany, filosof german, filósofo alemán, filosofo tedesco, filozof gjerman, German philosopher, philosophe allemand, professor académico alemão, Saksamaa filosoof, tysk professor, פילוסוף גרמני, فيلسوف ألماني)</subfield>
    <subfield code="u">http://www.wikidata.org/entity/Q1697204</subfield>
  </datafield>
  <datafield tag="952" ind1=" " ind2=" ">
    <subfield code="a">RETRO</subfield>
  </datafield>
  <datafield tag="953" ind1=" " ind2=" ">
    <subfield code="a">xx00</subfield>
    <subfield code="b">ec14</subfield>
  </datafield>
</record>