
<record>
  <leader>00805cz  a2200193n  4500</leader>
  <controlfield tag="001">1872543</controlfield>
  <controlfield tag="003">DLC</controlfield>
  <controlfield tag="005">20200103073220.0</controlfield>
  <controlfield tag="008">810415n| azannaabn          |a ana      </controlfield>
  <datafield tag="010" ind1=" " ind2=" ">
    <subfield code="a">n  50082691 </subfield>
  </datafield>
  <datafield tag="035" ind1=" " ind2=" ">
    <subfield code="a">(OCoLC)oca00116146</subfield>
  </datafield>
  <datafield tag="040" ind1=" " ind2=" ">
    <subfield code="a">DLC</subfield>
    <subfield code="b">eng</subfield>
    <subfield code="c">DLC</subfield>
    <subfield code="d">OCoLC</subfield>
    <subfield code="e">rda</subfield>
    <subfield code="d">DNLM</subfield>
  </datafield>
  <datafield tag="046" ind1=" " ind2=" ">
    <subfield code="s">1912</subfield>
    <subfield code="t">1966</subfield>
    <subfield code="2">edtf</subfield>
  </datafield>
  <datafield tag="110" ind1="2" ind2=" ">
    <subfield code="a">Hercules Powder Company</subfield>
  </datafield>
  <datafield tag="510" ind1="2" ind2=" ">
    <subfield code="w">r</subfield>
    <subfield code="i">Successor:</subfield>
    <subfield code="a">Hercules Incorporated</subfield>
  </datafield>
  <datafield tag="670" ind1=" " ind2=" ">
    <subfield code="a">New war-tested toxicants for insecticides, 1946:</subfield>
    <subfield code="b">p. 3 of cover (Hercules Powder Company)</subfield>
  </datafield>
  <datafield tag="670" ind1=" " ind2=" ">
    <subfield code="a">Wikipedia, Dec. 31, 2019:</subfield>
    <subfield code="b">(Hercules, Inc., was a chemical and munitions manufacturing company based in Wilmington, Delaware, incorporated in 1912 as the Hercules Powder Company; In 1966, the Hercules Powder Company changed its name to Hercules, Inc.)</subfield>
  </datafield>
  <datafield tag="952" ind1=" " ind2=" ">
    <subfield code="a">RETRO</subfield>
  </datafield>
  <datafield tag="953" ind1=" " ind2=" ">
    <subfield code="a">xx00</subfield>
    <subfield code="b">dd22</subfield>
  </datafield>
</record>