
<record>
  <leader>01468cz  a2200277n  4500</leader>
  <controlfield tag="001">1877948</controlfield>
  <controlfield tag="003">DLC</controlfield>
  <controlfield tag="005">20200103073240.0</controlfield>
  <controlfield tag="008">780619n| azannaabn          |a ana      </controlfield>
  <datafield tag="010" ind1=" " ind2=" ">
    <subfield code="a">n  78034691 </subfield>
  </datafield>
  <datafield tag="035" ind1=" " ind2=" ">
    <subfield code="a">(OCoLC)oca00170878</subfield>
  </datafield>
  <datafield tag="040" ind1=" " ind2=" ">
    <subfield code="a">DLC</subfield>
    <subfield code="b">eng</subfield>
    <subfield code="c">DLC</subfield>
    <subfield code="d">OCoLC</subfield>
    <subfield code="e">rda</subfield>
    <subfield code="d">DNLM</subfield>
  </datafield>
  <datafield tag="046" ind1=" " ind2=" ">
    <subfield code="s">1974</subfield>
    <subfield code="2">edtf</subfield>
  </datafield>
  <datafield tag="110" ind1="2" ind2=" ">
    <subfield code="a">Cystic Fibrosis Foundation</subfield>
  </datafield>
  <datafield tag="410" ind1="2" ind2=" ">
    <subfield code="a">CF Foundation</subfield>
  </datafield>
  <datafield tag="410" ind1="2" ind2=" ">
    <subfield code="a">C.F. Foundation</subfield>
  </datafield>
  <datafield tag="410" ind1="2" ind2=" ">
    <subfield code="a">National Cystic Fibrosis Foundation (U.S.)</subfield>
  </datafield>
  <datafield tag="510" ind1="2" ind2=" ">
    <subfield code="w">r</subfield>
    <subfield code="i">Predecessor:</subfield>
    <subfield code="a">National Cystic Fibrosis Research Foundation (U.S.)</subfield>
  </datafield>
  <datafield tag="670" ind1=" " ind2=" ">
    <subfield code="a">Its Report on survival studies ... 1974:</subfield>
    <subfield code="b">t.p. (Cystic Fibrosis Foundation, Atlanta, GA)</subfield>
  </datafield>
  <datafield tag="670" ind1=" " ind2=" ">
    <subfield code="a">Fluid and electrolyte abnormalities in exocrine glands in cystic fibrosis, c1982:</subfield>
    <subfield code="b">t.p. (National Cystic Fibrosis Foundation)</subfield>
  </datafield>
  <datafield tag="670" ind1=" " ind2=" ">
    <subfield code="a">Phone call to Cystic Fibrosis Found., 2/16/84</subfield>
    <subfield code="b">(official name is Cystic Fibrosis Foundation; earlier name: National Cystic Fibrosis Research Foundation; natl. hq. Rockville, Md. National Cystic Fibrosis Foundation is a variant, not a name change)</subfield>
  </datafield>
  <datafield tag="670" ind1=" " ind2=" ">
    <subfield code="a">Encyc. of Assoc., 1984,</subfield>
    <subfield code="b">no. 11668 (Cystic Fibrosis Foundation)</subfield>
  </datafield>
  <datafield tag="670" ind1=" " ind2=" ">
    <subfield code="a">A Three generation family [VR] c1980:</subfield>
    <subfield code="b">credit frame (CF Foundation)</subfield>
  </datafield>
  <datafield tag="670" ind1=" " ind2=" ">
    <subfield code="a">Staff burnout [VR] c1984:</subfield>
    <subfield code="b">credit frame (C.F. Foundation)</subfield>
  </datafield>
  <datafield tag="670" ind1=" " ind2=" ">
    <subfield code="a">NLM files, November 15, 2019</subfield>
    <subfield code="b">(Founded 1955 as National Cystic Fibrosis Research Foundation; name changed to Cystic Fibrosis Foundation in 1974)</subfield>
  </datafield>
  <datafield tag="953" ind1=" " ind2=" ">
    <subfield code="a">da45</subfield>
    <subfield code="b">ba01</subfield>
  </datafield>
</record>