
<record>
  <leader>02780cz  a2200457n  4500</leader>
  <controlfield tag="001">1883803</controlfield>
  <controlfield tag="003">DLC</controlfield>
  <controlfield tag="005">20200103073241.0</controlfield>
  <controlfield tag="008">790112n| azannaabn          |b aaa      </controlfield>
  <datafield tag="010" ind1=" " ind2=" ">
    <subfield code="a">n  78095531 </subfield>
  </datafield>
  <datafield tag="035" ind1=" " ind2=" ">
    <subfield code="a">(OCoLC)oca00230607</subfield>
  </datafield>
  <datafield tag="040" ind1=" " ind2=" ">
    <subfield code="a">DLC</subfield>
    <subfield code="b">eng</subfield>
    <subfield code="e">rda</subfield>
    <subfield code="c">DLC</subfield>
    <subfield code="d">DLC</subfield>
    <subfield code="d">OCoLC</subfield>
    <subfield code="d">CU-S</subfield>
  </datafield>
  <datafield tag="046" ind1=" " ind2=" ">
    <subfield code="f">1919-09-15</subfield>
    <subfield code="g">2019-12-15</subfield>
    <subfield code="2">edtf</subfield>
  </datafield>
  <datafield tag="100" ind1="1" ind2=" ">
    <subfield code="a">Fung, Y. C.</subfield>
    <subfield code="q">(Yuan-cheng),</subfield>
    <subfield code="d">1919-2019</subfield>
  </datafield>
  <datafield tag="370" ind1=" " ind2=" ">
    <subfield code="a">Changzhou (Jiangsu Sheng, China)</subfield>
    <subfield code="b">San Diego (Calif.)</subfield>
    <subfield code="c">United States</subfield>
    <subfield code="f">La Jolla (San Diego, Calif.)</subfield>
    <subfield code="2">naf</subfield>
  </datafield>
  <datafield tag="372" ind1=" " ind2=" ">
    <subfield code="a">Bioengineering</subfield>
    <subfield code="a">Tissue engineering</subfield>
    <subfield code="a">Biomechanics</subfield>
    <subfield code="2">lcsh</subfield>
  </datafield>
  <datafield tag="373" ind1=" " ind2=" ">
    <subfield code="a">University of California, San Diego</subfield>
    <subfield code="2">naf</subfield>
  </datafield>
  <datafield tag="374" ind1=" " ind2=" ">
    <subfield code="a">College teachers</subfield>
    <subfield code="2">lcsh</subfield>
  </datafield>
  <datafield tag="375" ind1=" " ind2=" ">
    <subfield code="a">Males</subfield>
    <subfield code="2">lcdgt</subfield>
  </datafield>
  <datafield tag="377" ind1=" " ind2=" ">
    <subfield code="a">eng</subfield>
  </datafield>
  <datafield tag="378" ind1=" " ind2=" ">
    <subfield code="q">Yuan-cheng</subfield>
  </datafield>
  <datafield tag="400" ind1="1" ind2=" ">
    <subfield code="w">nnaa</subfield>
    <subfield code="a">Fung, Yuan-cheng,</subfield>
    <subfield code="d">1919-</subfield>
  </datafield>
  <datafield tag="400" ind1="1" ind2=" ">
    <subfield code="w">nnea</subfield>
    <subfield code="a">Fung, Y. C.</subfield>
    <subfield code="q">(Yuan-cheng),</subfield>
    <subfield code="d">1919-</subfield>
  </datafield>
  <datafield tag="400" ind1="1" ind2=" ">
    <subfield code="a">Fung, Bertram,</subfield>
    <subfield code="d">1919-2019</subfield>
  </datafield>
  <datafield tag="400" ind1="1" ind2=" ">
    <subfield code="a">Fung, Yuan-cheng,</subfield>
    <subfield code="d">1919-2019</subfield>
  </datafield>
  <datafield tag="400" ind1="1" ind2=" ">
    <subfield code="a">Fung, Yuang-Cheng,</subfield>
    <subfield code="d">1919-2019</subfield>
  </datafield>
  <datafield tag="400" ind1="1" ind2=" ">
    <subfield code="a">Fung, Bert,</subfield>
    <subfield code="d">1919-2019</subfield>
  </datafield>
  <datafield tag="400" ind1="1" ind2=" ">
    <subfield code="a">Feng, Yüan-chen,</subfield>
    <subfield code="d">1919-2019</subfield>
  </datafield>
  <datafield tag="400" ind1="1" ind2=" ">
    <subfield code="a">Feng, Yuanzhen,</subfield>
    <subfield code="d">1919-2019</subfield>
  </datafield>
  <datafield tag="400" ind1="1" ind2=" ">
    <subfield code="a">冯元桢,</subfield>
    <subfield code="d">1919-2019</subfield>
  </datafield>
  <datafield tag="400" ind1="1" ind2=" ">
    <subfield code="a">馮元楨,</subfield>
    <subfield code="d">1919-2019</subfield>
  </datafield>
  <datafield tag="667" ind1=" " ind2=" ">
    <subfield code="a">Machine-derived non-Latin script reference project.</subfield>
  </datafield>
  <datafield tag="667" ind1=" " ind2=" ">
    <subfield code="a">Non-Latin script references not evaluated.</subfield>
  </datafield>
  <datafield tag="667" ind1=" " ind2=" ">
    <subfield code="a">Non-Latin script references reviewed in NACO CJK Funnel References Project.</subfield>
  </datafield>
  <datafield tag="670" ind1=" " ind2=" ">
    <subfield code="a">His Elastostatic and aerolastic problems ... 1948.</subfield>
  </datafield>
  <datafield tag="670" ind1=" " ind2=" ">
    <subfield code="a">His Biodynamics, c1983:</subfield>
    <subfield code="b">CIP t.p. (Yuang-Cheng Fung) t.p. verso (prof. of bioengineering and applied mechanics, Univ. of Calif., La Jolla, CA)</subfield>
  </datafield>
  <datafield tag="670" ind1=" " ind2=" ">
    <subfield code="a">Tissue engineering, 1988:</subfield>
    <subfield code="b">CIP t.p. (Yuan-Chen Bert Fung, Dept. of AMES/Bioengr., Univ. of Calif. at San Diego, La Jolla, Calif.) pref. (Bert Fung)</subfield>
  </datafield>
  <datafield tag="670" ind1=" " ind2=" ">
    <subfield code="a">UC San Diego news center, Jan. 2, 2020:</subfield>
    <subfield code="b">obituary dated Dec. 20, 2019 (Yuan-Cheng “Bert” Fung, known as “the father of biomechanics” and one of the founders of the discipline of bioengineering at the University of California San Diego, passed away Dec. 15, 2019 of natural causes. He was 100; Fung joined UC San Diego in 1966; Fung moved to California from China in 1946)</subfield>
    <subfield code="u">https://ucsdnews.ucsd.edu/pressrelease/obituary-y.c-bert-fung</subfield>
  </datafield>
  <datafield tag="670" ind1=" " ind2=" ">
    <subfield code="a">Wikipedia, Jan. 2, 2020</subfield>
    <subfield code="b">(Yuan-Cheng &quot;Bert&quot; Fung; 馮元楨 = Feng Yuanzhen (September 15, 1919 - December 15, 2019) was an American bioengineer. He is regarded as a founding figure of bioengineering, tissue engineering, and the &quot;Founder of Modern Biomechanics&quot;; born 15 Sept. 1919 in Changzhou, Jiangsu, China; died 15 Dec. 2019 in San Diego, Calif.; nationality: American; PhD from Caltech in 1948; Professor Emeritus and Research Engineer at the University of California San Diego)</subfield>
  </datafield>
  <datafield tag="952" ind1=" " ind2=" ">
    <subfield code="a">RETRO</subfield>
  </datafield>
  <datafield tag="953" ind1=" " ind2=" ">
    <subfield code="a">xx00</subfield>
    <subfield code="b">bg05</subfield>
  </datafield>
</record>