
<record>
  <leader>00759cz  a2200229n  4500</leader>
  <controlfield tag="001">1889499</controlfield>
  <controlfield tag="003">DLC</controlfield>
  <controlfield tag="005">20200103074744.0</controlfield>
  <controlfield tag="008">790627n| azannaabn          |a aaa      </controlfield>
  <datafield tag="010" ind1=" " ind2=" ">
    <subfield code="a">n  79055261 </subfield>
  </datafield>
  <datafield tag="035" ind1=" " ind2=" ">
    <subfield code="a">(OCoLC)oca00288380</subfield>
  </datafield>
  <datafield tag="040" ind1=" " ind2=" ">
    <subfield code="a">DLC</subfield>
    <subfield code="b">eng</subfield>
    <subfield code="e">rda</subfield>
    <subfield code="c">DLC</subfield>
    <subfield code="d">Nz</subfield>
    <subfield code="d">DLC</subfield>
    <subfield code="d">DLC</subfield>
  </datafield>
  <datafield tag="046" ind1=" " ind2=" ">
    <subfield code="f">1865</subfield>
    <subfield code="g">1955</subfield>
    <subfield code="2">edtf</subfield>
  </datafield>
  <datafield tag="100" ind1="1" ind2=" ">
    <subfield code="a">Mott, John R.</subfield>
    <subfield code="q">(John Raleigh),</subfield>
    <subfield code="d">1865-1955</subfield>
  </datafield>
  <datafield tag="377" ind1=" " ind2=" ">
    <subfield code="a">eng</subfield>
  </datafield>
  <datafield tag="400" ind1="1" ind2=" ">
    <subfield code="a">Mott, J. R.</subfield>
    <subfield code="q">(John Raleigh),</subfield>
    <subfield code="d">1865-1955</subfield>
  </datafield>
  <datafield tag="670" ind1=" " ind2=" ">
    <subfield code="a">His The pastor and modern missions ... 1904.</subfield>
  </datafield>
  <datafield tag="670" ind1=" " ind2=" ">
    <subfield code="a">Te īnoi motuhake, 1915</subfield>
    <subfield code="b">t.p. (J.R. Mott)</subfield>
  </datafield>
  <datafield tag="670" ind1=" " ind2=" ">
    <subfield code="a">The evangelization of the world in this generation, 1900</subfield>
    <subfield code="b">t.p. (John R. Mott)</subfield>
  </datafield>
  <datafield tag="670" ind1=" " ind2=" ">
    <subfield code="a">BGMI, Mar. 17, 2009</subfield>
    <subfield code="b">(Mott, John R(aleigh) (1865-1955))</subfield>
  </datafield>
  <datafield tag="952" ind1=" " ind2=" ">
    <subfield code="a">RETRO</subfield>
  </datafield>
  <datafield tag="953" ind1=" " ind2=" ">
    <subfield code="a">xx00</subfield>
    <subfield code="b">td07</subfield>
  </datafield>
</record>