
<record>
  <leader>04904cz  a2201117n  4500</leader>
  <controlfield tag="001">1898134</controlfield>
  <controlfield tag="003">DLC</controlfield>
  <controlfield tag="005">20200103154917.0</controlfield>
  <controlfield tag="008">800310n| azannaabn          |b aaa      </controlfield>
  <datafield tag="010" ind1=" " ind2=" ">
    <subfield code="a">n  79144981 </subfield>
    <subfield code="z">n  80008012 </subfield>
  </datafield>
  <datafield tag="035" ind1=" " ind2=" ">
    <subfield code="a">(OCoLC)oca00376127</subfield>
  </datafield>
  <datafield tag="040" ind1=" " ind2=" ">
    <subfield code="a">DLC</subfield>
    <subfield code="b">eng</subfield>
    <subfield code="e">rda</subfield>
    <subfield code="c">DLC</subfield>
    <subfield code="d">DLC</subfield>
    <subfield code="d">NjP</subfield>
    <subfield code="d">InU</subfield>
    <subfield code="d">InNd</subfield>
    <subfield code="d">DLC</subfield>
    <subfield code="d">OCl</subfield>
    <subfield code="d">DLC</subfield>
    <subfield code="d">NIC</subfield>
    <subfield code="d">CoU</subfield>
    <subfield code="d">OCoLC</subfield>
    <subfield code="d">DLC</subfield>
    <subfield code="d">OCoLC</subfield>
    <subfield code="d">CSt</subfield>
    <subfield code="d">DLC</subfield>
    <subfield code="d">WU</subfield>
    <subfield code="d">DLC</subfield>
    <subfield code="d">ICU</subfield>
    <subfield code="d">WU</subfield>
    <subfield code="d">DLC</subfield>
  </datafield>
  <datafield tag="046" ind1=" " ind2=" ">
    <subfield code="f">1818</subfield>
    <subfield code="g">1883</subfield>
    <subfield code="2">edtf</subfield>
  </datafield>
  <datafield tag="053" ind1=" " ind2="0">
    <subfield code="a">PG3420</subfield>
    <subfield code="b">PG3445</subfield>
  </datafield>
  <datafield tag="100" ind1="1" ind2=" ">
    <subfield code="a">Turgenev, Ivan Sergeevich,</subfield>
    <subfield code="d">1818-1883</subfield>
  </datafield>
  <datafield tag="374" ind1=" " ind2=" ">
    <subfield code="a">Authors, Russian</subfield>
    <subfield code="2">lcsh</subfield>
  </datafield>
  <datafield tag="375" ind1=" " ind2=" ">
    <subfield code="a">Males</subfield>
    <subfield code="2">lcdgt</subfield>
  </datafield>
  <datafield tag="377" ind1=" " ind2=" ">
    <subfield code="a">rus</subfield>
  </datafield>
  <datafield tag="400" ind1="1" ind2=" ">
    <subfield code="a">Ṭarjan̲īv, Aivān̲,</subfield>
    <subfield code="d">1818-1883</subfield>
  </datafield>
  <datafield tag="400" ind1="1" ind2=" ">
    <subfield code="a">Toergenjew, Iwan,</subfield>
    <subfield code="d">1818-1883</subfield>
  </datafield>
  <datafield tag="400" ind1="1" ind2=" ">
    <subfield code="a">Tourghenieff, Ivan,</subfield>
    <subfield code="d">1818-1883</subfield>
  </datafield>
  <datafield tag="400" ind1="1" ind2=" ">
    <subfield code="a">Tourguéneff, Ivan,</subfield>
    <subfield code="d">1818-1883</subfield>
  </datafield>
  <datafield tag="400" ind1="1" ind2=" ">
    <subfield code="a">Tourguénev, Ivan,</subfield>
    <subfield code="d">1818-1883</subfield>
  </datafield>
  <datafield tag="400" ind1="1" ind2=" ">
    <subfield code="a">Tourguéniev,</subfield>
    <subfield code="d">1818-1883</subfield>
  </datafield>
  <datafield tag="400" ind1="1" ind2=" ">
    <subfield code="a">Tourguéniev, Ivan,</subfield>
    <subfield code="d">1818-1883</subfield>
  </datafield>
  <datafield tag="400" ind1="1" ind2=" ">
    <subfield code="a">Tourguényev, Ivan Szergeevics,</subfield>
    <subfield code="d">1818-1883</subfield>
  </datafield>
  <datafield tag="400" ind1="1" ind2=" ">
    <subfield code="a">Tʻu-ko-nieh-fu,</subfield>
    <subfield code="d">1818-1883</subfield>
  </datafield>
  <datafield tag="400" ind1="1" ind2=" ">
    <subfield code="a">Tuó̂cghênhép, Ivan,</subfield>
    <subfield code="d">1818-1883</subfield>
  </datafield>
  <datafield tag="400" ind1="1" ind2=" ">
    <subfield code="a">Turgenef, Ivan Sergheïevitch,</subfield>
    <subfield code="d">1818-1883</subfield>
  </datafield>
  <datafield tag="400" ind1="1" ind2=" ">
    <subfield code="a">Turgenev, I. S.</subfield>
    <subfield code="q">(Ivan Sergeevich),</subfield>
    <subfield code="d">1818-1883</subfield>
  </datafield>
  <datafield tag="400" ind1="1" ind2=" ">
    <subfield code="a">Turgenev, Ivan,</subfield>
    <subfield code="d">1818-1883</subfield>
  </datafield>
  <datafield tag="400" ind1="1" ind2=" ">
    <subfield code="a">Turgéněv, J. S.,</subfield>
    <subfield code="d">1818-1883</subfield>
  </datafield>
  <datafield tag="400" ind1="1" ind2=" ">
    <subfield code="a">Turgénieff, Ivan S.,</subfield>
    <subfield code="d">1818-1883</subfield>
  </datafield>
  <datafield tag="400" ind1="1" ind2=" ">
    <subfield code="a">Turgenjeff, Iwan,</subfield>
    <subfield code="d">1818-1883</subfield>
  </datafield>
  <datafield tag="400" ind1="1" ind2=" ">
    <subfield code="a">Turgenjev,</subfield>
    <subfield code="d">1818-1883</subfield>
  </datafield>
  <datafield tag="400" ind1="1" ind2=" ">
    <subfield code="a">Turgenjew, Iwan,</subfield>
    <subfield code="d">1818-1883</subfield>
  </datafield>
  <datafield tag="400" ind1="1" ind2=" ">
    <subfield code="a">Turgenuvha,</subfield>
    <subfield code="d">1818-1883</subfield>
  </datafield>
  <datafield tag="400" ind1="1" ind2=" ">
    <subfield code="a">Turgenyev,</subfield>
    <subfield code="d">1818-1883</subfield>
  </datafield>
  <datafield tag="400" ind1="1" ind2=" ">
    <subfield code="a">Turgieniew, Iwan,</subfield>
    <subfield code="d">1818-1883</subfield>
  </datafield>
  <datafield tag="400" ind1="1" ind2=" ">
    <subfield code="a">Turguenef, Iván,</subfield>
    <subfield code="d">1818-1883</subfield>
  </datafield>
  <datafield tag="400" ind1="1" ind2=" ">
    <subfield code="a">Turguéniev, Iván,</subfield>
    <subfield code="d">1818-1883</subfield>
  </datafield>
  <datafield tag="400" ind1="1" ind2=" ">
    <subfield code="a">Turheni︠e︡v, I. S.,</subfield>
    <subfield code="d">1818-1883</subfield>
  </datafield>
  <datafield tag="400" ind1="1" ind2=" ">
    <subfield code="a">Тургенев, Иван Сергеевич,</subfield>
    <subfield code="d">1818-1883</subfield>
  </datafield>
  <datafield tag="400" ind1="1" ind2=" ">
    <subfield code="a">טורגניב, א. ס.</subfield>
  </datafield>
  <datafield tag="400" ind1="1" ind2=" ">
    <subfield code="a">טורגניב, א. ס.,</subfield>
    <subfield code="d">1818־1883</subfield>
  </datafield>
  <datafield tag="400" ind1="1" ind2=" ">
    <subfield code="a">טורגניב, איב</subfield>
  </datafield>
  <datafield tag="400" ind1="1" ind2=" ">
    <subfield code="a">טורגניב, איוואן סרגיביץ׳,</subfield>
    <subfield code="d">1818־1883</subfield>
  </datafield>
  <datafield tag="400" ind1="1" ind2=" ">
    <subfield code="a">טורגניב, איוון,</subfield>
    <subfield code="d">1883־1818</subfield>
  </datafield>
  <datafield tag="400" ind1="1" ind2=" ">
    <subfield code="a">טורגניב, י.</subfield>
  </datafield>
  <datafield tag="400" ind1="1" ind2=" ">
    <subfield code="a">טורגניב, י.ס</subfield>
  </datafield>
  <datafield tag="400" ind1="1" ind2=" ">
    <subfield code="a">טורגניוב, איבן</subfield>
  </datafield>
  <datafield tag="400" ind1="1" ind2=" ">
    <subfield code="a">טורגנייב</subfield>
  </datafield>
  <datafield tag="400" ind1="1" ind2=" ">
    <subfield code="a">טורגנייב, א. ס.,</subfield>
    <subfield code="d">1818־1883</subfield>
  </datafield>
  <datafield tag="400" ind1="1" ind2=" ">
    <subfield code="a">טורגנייב, איוואן סרגיביץ׳,</subfield>
    <subfield code="d">1818־1883</subfield>
  </datafield>
  <datafield tag="400" ind1="1" ind2=" ">
    <subfield code="a">טורגענעװ, אי. ס.</subfield>
  </datafield>
  <datafield tag="400" ind1="1" ind2=" ">
    <subfield code="a">טורגעניעף, איוואן</subfield>
  </datafield>
  <datafield tag="400" ind1="1" ind2=" ">
    <subfield code="a">טורגעניעף, י.</subfield>
  </datafield>
  <datafield tag="400" ind1="1" ind2=" ">
    <subfield code="a">טורגעניעװ, א.,</subfield>
    <subfield code="d">1818-1883</subfield>
  </datafield>
  <datafield tag="400" ind1="1" ind2=" ">
    <subfield code="a">טורגעניעװ, א. ס.</subfield>
  </datafield>
  <datafield tag="400" ind1="1" ind2=" ">
    <subfield code="a">טורגעניעװ, איװאן,</subfield>
    <subfield code="d">1818־1883</subfield>
  </datafield>
  <datafield tag="400" ind1="1" ind2=" ">
    <subfield code="a">טורגעניעװ, י. ס.</subfield>
  </datafield>
  <datafield tag="400" ind1="1" ind2=" ">
    <subfield code="a">טורגעניעוו, א. ס.,</subfield>
    <subfield code="d">1818־1883</subfield>
  </datafield>
  <datafield tag="400" ind1="1" ind2=" ">
    <subfield code="a">טורגעניעוו, אי. ס.,</subfield>
    <subfield code="d">1818־1883</subfield>
  </datafield>
  <datafield tag="400" ind1="1" ind2=" ">
    <subfield code="a">טורגעניעוו, איוו. סערג.,</subfield>
    <subfield code="d">1818־1883</subfield>
  </datafield>
  <datafield tag="400" ind1="1" ind2=" ">
    <subfield code="a">טורגעניעוו, איוואן</subfield>
  </datafield>
  <datafield tag="400" ind1="1" ind2=" ">
    <subfield code="a">טורגעניעוו, י.ס</subfield>
  </datafield>
  <datafield tag="400" ind1="1" ind2=" ">
    <subfield code="a">טורגעניעוו, י. ס.,</subfield>
    <subfield code="d">1818־1883</subfield>
  </datafield>
  <datafield tag="400" ind1="1" ind2=" ">
    <subfield code="a">טורגיענעוו, א. ס.</subfield>
  </datafield>
  <datafield tag="400" ind1="1" ind2=" ">
    <subfield code="a">I. S. ツルゲーネフ,</subfield>
    <subfield code="d">1818-1883</subfield>
  </datafield>
  <datafield tag="400" ind1="1" ind2=" ">
    <subfield code="a">Turgheniev, I. S.,</subfield>
    <subfield code="d">1818-1883</subfield>
  </datafield>
  <datafield tag="400" ind1="1" ind2=" ">
    <subfield code="a">Tūrginīf, Īvān Sirgiyivīch,</subfield>
    <subfield code="d">1818-1883</subfield>
  </datafield>
  <datafield tag="400" ind1="1" ind2=" ">
    <subfield code="a">Tūrginīf, Īvān Sirgīvīch,</subfield>
    <subfield code="d">1818-1883</subfield>
  </datafield>
  <datafield tag="400" ind1="1" ind2=" ">
    <subfield code="a">تورگنيف، ايوان سرگيويچ</subfield>
  </datafield>
  <datafield tag="667" ind1=" " ind2=" ">
    <subfield code="a">Machine-derived non-Latin script reference project.</subfield>
  </datafield>
  <datafield tag="667" ind1=" " ind2=" ">
    <subfield code="a">Non-Latin script references not evaluated.</subfield>
  </datafield>
  <datafield tag="670" ind1=" " ind2=" ">
    <subfield code="a">Chʻu nü ti, 1978:</subfield>
    <subfield code="b">t.p. (Tʻu-ko-nieh-fu)</subfield>
  </datafield>
  <datafield tag="670" ind1=" " ind2=" ">
    <subfield code="a">Encyc. Brit., 15th</subfield>
    <subfield code="b">(Turgenev, Ivan (Sergeyevich))</subfield>
  </datafield>
  <datafield tag="670" ind1=" " ind2=" ">
    <subfield code="a">Americana</subfield>
    <subfield code="b">(Turgenev, Ivan Sergeyevich)</subfield>
  </datafield>
  <datafield tag="670" ind1=" " ind2=" ">
    <subfield code="a">Colliers</subfield>
    <subfield code="b">(Turgenev, Ivan Sergeevich)</subfield>
  </datafield>
  <datafield tag="670" ind1=" " ind2=" ">
    <subfield code="a">Month in the country, 1982:</subfield>
    <subfield code="b">CIP galley t.p. (Ivan Turgenev)</subfield>
  </datafield>
  <datafield tag="670" ind1=" " ind2=" ">
    <subfield code="a">Romans et nouvelles complets, c1981- :</subfield>
    <subfield code="b">v. 1, t.p. (Tourguéniev)</subfield>
  </datafield>
  <datafield tag="670" ind1=" " ind2=" ">
    <subfield code="a">Récits ... 1961:</subfield>
    <subfield code="b">t.p. (Ivan Tourguéniev)</subfield>
  </datafield>
  <datafield tag="670" ind1=" " ind2=" ">
    <subfield code="a">Russian life in the interior, 1855:</subfield>
    <subfield code="b">t.p. (Ivan Tourghenieff)</subfield>
  </datafield>
  <datafield tag="670" ind1=" " ind2=" ">
    <subfield code="a">Fathers and sons, 19--:</subfield>
    <subfield code="b">t.p. (Ivan Sergheïevitch Turgenef)</subfield>
  </datafield>
  <datafield tag="670" ind1=" " ind2=" ">
    <subfield code="a">Las inciertas pasiones de Iván Turguéniev, c1996.</subfield>
  </datafield>
  <datafield tag="670" ind1=" " ind2=" ">
    <subfield code="a">Zapysky myslyvt︠s︡i︠a︡, 1981:</subfield>
    <subfield code="b">t.p. (I.S. Turheni︠e︡v)</subfield>
  </datafield>
  <datafield tag="670" ind1=" " ind2=" ">
    <subfield code="a">Kātar̲kītam, 1944:</subfield>
    <subfield code="b">t.p. (Aivān̲ Ṭarjan̲īv)</subfield>
  </datafield>
  <datafield tag="670" ind1=" " ind2=" ">
    <subfield code="a">Đêm trước ; Cha và con, 1988:</subfield>
    <subfield code="b">t.p. (Ivan Tuó̂cghênhép)</subfield>
  </datafield>
  <datafield tag="670" ind1=" " ind2=" ">
    <subfield code="a">Padres e hijos, 1945:</subfield>
    <subfield code="b">t.p. (Iván Turguenef)</subfield>
  </datafield>
  <datafield tag="670" ind1=" " ind2=" ">
    <subfield code="a">Bāpa-leka, 1947:</subfield>
    <subfield code="b">t.p. (Turgenuvha)</subfield>
  </datafield>
  <datafield tag="670" ind1=" " ind2=" ">
    <subfield code="a">Turgenjev i norsk åndsliv, 1997:</subfield>
    <subfield code="b">t.p. (Turgenjev)</subfield>
  </datafield>
  <datafield tag="670" ind1=" " ind2=" ">
    <subfield code="a">Cuib de nobili, 1986:</subfield>
    <subfield code="b">t.p. (I.S. Turgheniev)</subfield>
  </datafield>
  <datafield tag="670" ind1=" " ind2=" ">
    <subfield code="a">Rudin, 1879:</subfield>
    <subfield code="b">title page (... J.S. Turgéněva)</subfield>
  </datafield>
  <datafield tag="670" ind1=" " ind2=" ">
    <subfield code="a">Pidarān va farzandān, [1973 or 1974]:</subfield>
    <subfield code="b">t.p. (ايوان سرگيويچ تورگنيف = Īvān Sirgiyivīch Tūrginīf)</subfield>
  </datafield>
  <datafield tag="952" ind1=" " ind2=" ">
    <subfield code="a">RETRO</subfield>
  </datafield>
  <datafield tag="953" ind1=" " ind2=" ">
    <subfield code="a">xx00</subfield>
    <subfield code="b">cm03</subfield>
  </datafield>
</record>