
<record>
  <leader>00748cz  a2200193n  4500</leader>
  <controlfield tag="001">1906683</controlfield>
  <controlfield tag="003">DLC</controlfield>
  <controlfield tag="005">20200103073227.0</controlfield>
  <controlfield tag="008">800826n| azannaabn          |a ana      </controlfield>
  <datafield tag="010" ind1=" " ind2=" ">
    <subfield code="a">n  80081421 </subfield>
  </datafield>
  <datafield tag="035" ind1=" " ind2=" ">
    <subfield code="a">(OCoLC)oca00462699</subfield>
  </datafield>
  <datafield tag="040" ind1=" " ind2=" ">
    <subfield code="a">DLC</subfield>
    <subfield code="b">eng</subfield>
    <subfield code="c">DLC</subfield>
    <subfield code="d">OCoLC</subfield>
    <subfield code="e">rda</subfield>
    <subfield code="d">DNLM</subfield>
  </datafield>
  <datafield tag="046" ind1=" " ind2=" ">
    <subfield code="s">1922-08-25</subfield>
    <subfield code="t">1922-09-03</subfield>
    <subfield code="2">edtf</subfield>
  </datafield>
  <datafield tag="111" ind1="2" ind2=" ">
    <subfield code="a">Pan American Child Congress</subfield>
    <subfield code="n">(3rd :</subfield>
    <subfield code="d">1922 :</subfield>
    <subfield code="c">Rio de Janeiro, Brazil)</subfield>
  </datafield>
  <datafield tag="370" ind1=" " ind2=" ">
    <subfield code="e">Rio de Janeiro (Brazil)</subfield>
    <subfield code="2">naf</subfield>
  </datafield>
  <datafield tag="410" ind1="1" ind2=" ">
    <subfield code="w">nne</subfield>
    <subfield code="a">Peru.</subfield>
    <subfield code="b">Comité Nacional del Perú del Congreso Americano del Niño</subfield>
    <subfield code="n">(3d :</subfield>
    <subfield code="d">1922 :</subfield>
    <subfield code="c">Rio de Janeiro)</subfield>
  </datafield>
  <datafield tag="670" ind1=" " ind2=" ">
    <subfield code="a">Memoria del Comité Nacional del Peru, 1922:</subfield>
    <subfield code="b">t.p. (III Congreso Americano del Niño, Rio de Janeiro (25 agosto - 3 setiembre 1922))</subfield>
  </datafield>
  <datafield tag="952" ind1=" " ind2=" ">
    <subfield code="a">RETRO</subfield>
  </datafield>
  <datafield tag="953" ind1=" " ind2=" ">
    <subfield code="a">xx00</subfield>
  </datafield>
</record>