
<record>
  <leader>00955cz  a2200229n  4500</leader>
  <controlfield tag="001">1907981</controlfield>
  <controlfield tag="003">DLC</controlfield>
  <controlfield tag="005">20200103133025.0</controlfield>
  <controlfield tag="008">800814n| azannaabn          |b aaa      </controlfield>
  <datafield tag="010" ind1=" " ind2=" ">
    <subfield code="a">n  80094761 </subfield>
  </datafield>
  <datafield tag="035" ind1=" " ind2=" ">
    <subfield code="a">(OCoLC)oca00475827</subfield>
  </datafield>
  <datafield tag="040" ind1=" " ind2=" ">
    <subfield code="a">DLC</subfield>
    <subfield code="b">eng</subfield>
    <subfield code="c">DLC</subfield>
    <subfield code="d">DLC</subfield>
    <subfield code="d">OCoLC</subfield>
    <subfield code="e">rda</subfield>
    <subfield code="d">DLC</subfield>
  </datafield>
  <datafield tag="100" ind1="1" ind2=" ">
    <subfield code="a">Amīrī, Manūchihr</subfield>
  </datafield>
  <datafield tag="400" ind1="1" ind2=" ">
    <subfield code="a">Amiri, Manouchehr</subfield>
  </datafield>
  <datafield tag="400" ind1="1" ind2=" ">
    <subfield code="a">اميري، منوچهر</subfield>
  </datafield>
  <datafield tag="400" ind1="1" ind2=" ">
    <subfield code="a">Amiri, Manuchehr</subfield>
  </datafield>
  <datafield tag="667" ind1=" " ind2=" ">
    <subfield code="a">Machine-derived non-Latin script reference project.</subfield>
  </datafield>
  <datafield tag="667" ind1=" " ind2=" ">
    <subfield code="a">Non-Latin script references not evaluated.</subfield>
  </datafield>
  <datafield tag="670" ind1=" " ind2=" ">
    <subfield code="a">His Farhang-i dārūhā va vāzhahʹhā-yi dushvār, 1974:</subfield>
    <subfield code="b">t.p. (Duktur Manūchihr Amīrī)</subfield>
  </datafield>
  <datafield tag="670" ind1=" " ind2=" ">
    <subfield code="a">Advanced proficiency in Persian, 2003:</subfield>
    <subfield code="b">CIP t.p. (Manouchehr Amiri)</subfield>
  </datafield>
  <datafield tag="670" ind1=" " ind2=" ">
    <subfield code="a">Sarzamīn va mardum-i Ītāliyā, 1963:</subfield>
    <subfield code="b">t.p. (منوچهر اميرى = Manūchihr Amīrī, translator from English to Persian) added t.p. (Manuchehr Amiri [in rom.])</subfield>
  </datafield>
  <datafield tag="953" ind1=" " ind2=" ">
    <subfield code="a">bb15</subfield>
    <subfield code="b">cm03</subfield>
  </datafield>
</record>