
<record>
  <leader>01561cz  a2200301n  4500</leader>
  <controlfield tag="001">1920896</controlfield>
  <controlfield tag="003">DLC</controlfield>
  <controlfield tag="005">20200103073226.0</controlfield>
  <controlfield tag="008">810811nc azannaabn          |b aaa      </controlfield>
  <datafield tag="010" ind1=" " ind2=" ">
    <subfield code="a">n  81062031 </subfield>
    <subfield code="z">no 98070632 </subfield>
  </datafield>
  <datafield tag="035" ind1=" " ind2=" ">
    <subfield code="a">(OCoLC)oca00607444</subfield>
  </datafield>
  <datafield tag="040" ind1=" " ind2=" ">
    <subfield code="a">DLC</subfield>
    <subfield code="b">eng</subfield>
    <subfield code="e">rda</subfield>
    <subfield code="c">DLC</subfield>
    <subfield code="d">DLC</subfield>
    <subfield code="d">OCoLC</subfield>
    <subfield code="d">OrU</subfield>
    <subfield code="d">OCoLC</subfield>
    <subfield code="d">HkUST</subfield>
    <subfield code="d">InU</subfield>
    <subfield code="d">OCl</subfield>
  </datafield>
  <datafield tag="046" ind1=" " ind2=" ">
    <subfield code="f">1946</subfield>
    <subfield code="2">edtf</subfield>
  </datafield>
  <datafield tag="053" ind1=" " ind2="0">
    <subfield code="a">PL2865.K86</subfield>
  </datafield>
  <datafield tag="100" ind1="1" ind2=" ">
    <subfield code="a">Huang, Guobin</subfield>
  </datafield>
  <datafield tag="400" ind1="1" ind2=" ">
    <subfield code="w">nne</subfield>
    <subfield code="a">Huang, Kuo-pin</subfield>
  </datafield>
  <datafield tag="400" ind1="1" ind2=" ">
    <subfield code="a">Wong, Laurence Kwok Pun</subfield>
  </datafield>
  <datafield tag="400" ind1="1" ind2=" ">
    <subfield code="a">黃國彬</subfield>
  </datafield>
  <datafield tag="400" ind1="1" ind2=" ">
    <subfield code="a">黄国彬</subfield>
  </datafield>
  <datafield tag="667" ind1=" " ind2=" ">
    <subfield code="a">Machine-derived non-Latin script reference project.</subfield>
  </datafield>
  <datafield tag="667" ind1=" " ind2=" ">
    <subfield code="a">Non-Latin script references not evaluated.</subfield>
  </datafield>
  <datafield tag="667" ind1=" " ind2=" ">
    <subfield code="a">Non-Latin script references reviewed in NACO CJK Funnel Reference Project.</subfield>
  </datafield>
  <datafield tag="670" ind1=" " ind2=" ">
    <subfield code="a">Author&apos;s Tsʻung shih tsʻao tao pei yeh, 1976.</subfield>
  </datafield>
  <datafield tag="670" ind1=" " ind2=" ">
    <subfield code="a">His Fei-leng-tsʻui ti tung tʻien, 1983:</subfield>
    <subfield code="b">t.p. (黃國彬 = Huang Kuo-pin) cover p. 4 (b. 1946; with Hsiang-kang ta hsüeh Ying wen hsi)</subfield>
  </datafield>
  <datafield tag="670" ind1=" " ind2=" ">
    <subfield code="a">Hong Kong poems in English and Chinese, 1997:</subfield>
    <subfield code="b">t.p. (Laurence Wong) added t.p. (黃國彬 = Huang Kuo-pin) p. 131 (b. 1946 in Hong Kong; poet and translator; Ph.D. from the University of Toronto; has taught for the English Department at the Chinese University of Hong Kong, the Department of English Studies and Comparative Literature at the University of Hong Kong, and the Department of Languages, Literatures, and Linguistics at York University)</subfield>
  </datafield>
  <datafield tag="670" ind1=" " ind2=" ">
    <subfield code="a">NLC in OCLC, 3/10/98</subfield>
    <subfield code="b">(hdg.: Wong, Laurence Kwok Pun, 1946- ; usage: Laurence Wong)</subfield>
  </datafield>
  <datafield tag="952" ind1=" " ind2=" ">
    <subfield code="a">RETRO</subfield>
  </datafield>
  <datafield tag="953" ind1=" " ind2=" ">
    <subfield code="a">xx00</subfield>
    <subfield code="b">ta30</subfield>
  </datafield>
</record>