
<record>
  <leader>01375cz  a2200325n  4500</leader>
  <controlfield tag="001">1942363</controlfield>
  <controlfield tag="003">DLC</controlfield>
  <controlfield tag="005">20200103073231.0</controlfield>
  <controlfield tag="008">820921nc azannaabn          |b aaa      </controlfield>
  <datafield tag="010" ind1=" " ind2=" ">
    <subfield code="a">n  82128791 </subfield>
  </datafield>
  <datafield tag="035" ind1=" " ind2=" ">
    <subfield code="a">(OCoLC)oca00825084</subfield>
  </datafield>
  <datafield tag="040" ind1=" " ind2=" ">
    <subfield code="a">DLC</subfield>
    <subfield code="b">eng</subfield>
    <subfield code="e">rda</subfield>
    <subfield code="c">DLC</subfield>
    <subfield code="d">OCoLC</subfield>
    <subfield code="d">DLC-R</subfield>
    <subfield code="d">DNLM</subfield>
    <subfield code="d">OCoLC</subfield>
    <subfield code="d">DLC</subfield>
    <subfield code="d">MH</subfield>
  </datafield>
  <datafield tag="046" ind1=" " ind2=" ">
    <subfield code="f">1499</subfield>
    <subfield code="g">1582</subfield>
  </datafield>
  <datafield tag="100" ind1="1" ind2=" ">
    <subfield code="a">Wan, Quan,</subfield>
    <subfield code="d">1499-1582</subfield>
  </datafield>
  <datafield tag="400" ind1="1" ind2=" ">
    <subfield code="a">Ban, Missai,</subfield>
    <subfield code="d">1499-1582</subfield>
  </datafield>
  <datafield tag="400" ind1="1" ind2=" ">
    <subfield code="a">Ban, Zen,</subfield>
    <subfield code="d">1499-1582</subfield>
  </datafield>
  <datafield tag="400" ind1="0" ind2=" ">
    <subfield code="a">Missai,</subfield>
    <subfield code="d">1499-1582</subfield>
  </datafield>
  <datafield tag="400" ind1="1" ind2=" ">
    <subfield code="w">nnea</subfield>
    <subfield code="a">Wan, Chʻüan,</subfield>
    <subfield code="d">ca. 1488-ca. 1578</subfield>
  </datafield>
  <datafield tag="400" ind1="1" ind2=" ">
    <subfield code="a">Wan, Mi-chai,</subfield>
    <subfield code="d">1499-1582</subfield>
  </datafield>
  <datafield tag="400" ind1="1" ind2=" ">
    <subfield code="a">Wan, Mizhai,</subfield>
    <subfield code="d">1499-1582</subfield>
  </datafield>
  <datafield tag="400" ind1="1" ind2=" ">
    <subfield code="a">万全,</subfield>
    <subfield code="d">1499-1582</subfield>
  </datafield>
  <datafield tag="400" ind1="1" ind2=" ">
    <subfield code="a">萬全,</subfield>
    <subfield code="d">1499-1582</subfield>
  </datafield>
  <datafield tag="667" ind1=" " ind2=" ">
    <subfield code="a">Machine-derived non-Latin script reference project.</subfield>
  </datafield>
  <datafield tag="667" ind1=" " ind2=" ">
    <subfield code="a">Non-Latin script references not evaluated.</subfield>
  </datafield>
  <datafield tag="667" ind1=" " ind2=" ">
    <subfield code="a">Non-Latin script references reviewed in NACO CJK Funnel References Project.</subfield>
  </datafield>
  <datafield tag="670" ind1=" " ind2=" ">
    <subfield code="a">His Wan shih pi chʻuan pʻien yü hsin shu, 1981:</subfield>
    <subfield code="b">t.p. Wan Chʻüan (Mi-chai) introd. (approx. 1488-1578?)</subfield>
  </datafield>
  <datafield tag="670" ind1=" " ind2=" ">
    <subfield code="a">Wan Mizhai yi xue quan shu, 1999:</subfield>
    <subfield code="b">t.p. (Wan Muzhai) biog. info. (Wan Quan; h. Mizhai, b. 1499, d. 1582)</subfield>
  </datafield>
  <datafield tag="670" ind1=" " ind2=" ">
    <subfield code="a">Shinkan Ban-shi kaden yōka hakki, 1695:</subfield>
    <subfield code="b">t.p. (Ban Zen) pref. (Missai)</subfield>
  </datafield>
  <datafield tag="670" ind1=" " ind2=" ">
    <subfield code="a">OCLC #232132751, January 2, 2020</subfield>
    <subfield code="b">(access point: 萬全, 1499-1582 = Wan, Quan, 1499-1582 ; usage: 萬全 = Wan Quan)</subfield>
  </datafield>
  <datafield tag="953" ind1=" " ind2=" ">
    <subfield code="a">bl31</subfield>
  </datafield>
</record>