
<record>
  <leader>03061cz  a2200397n  4500</leader>
  <controlfield tag="001">1947879</controlfield>
  <controlfield tag="003">DLC</controlfield>
  <controlfield tag="005">20200103073232.0</controlfield>
  <controlfield tag="008">840119n| azannaabn          |a aaa      </controlfield>
  <datafield tag="010" ind1=" " ind2=" ">
    <subfield code="a">n  82224071 </subfield>
  </datafield>
  <datafield tag="035" ind1=" " ind2=" ">
    <subfield code="a">(OCoLC)oca00879696</subfield>
  </datafield>
  <datafield tag="040" ind1=" " ind2=" ">
    <subfield code="a">DLC</subfield>
    <subfield code="b">eng</subfield>
    <subfield code="e">rda</subfield>
    <subfield code="c">DLC</subfield>
    <subfield code="d">DLC</subfield>
    <subfield code="d">OCoLC</subfield>
    <subfield code="d">TNJ</subfield>
    <subfield code="d">DLC</subfield>
    <subfield code="d">IEN</subfield>
    <subfield code="d">GVaS</subfield>
  </datafield>
  <datafield tag="046" ind1=" " ind2=" ">
    <subfield code="f">1954-11-16</subfield>
    <subfield code="2">edtf</subfield>
  </datafield>
  <datafield tag="053" ind1=" " ind2="0">
    <subfield code="a">PS3552.A7327</subfield>
  </datafield>
  <datafield tag="100" ind1="1" ind2=" ">
    <subfield code="a">Barrett, Andrea</subfield>
  </datafield>
  <datafield tag="370" ind1=" " ind2=" ">
    <subfield code="c">United States</subfield>
    <subfield code="f">Rochester (N.Y.)</subfield>
    <subfield code="2">naf</subfield>
  </datafield>
  <datafield tag="372" ind1=" " ind2=" ">
    <subfield code="a">Education, Higher</subfield>
    <subfield code="a">Authorship</subfield>
    <subfield code="a">Short story</subfield>
    <subfield code="a">Fiction</subfield>
    <subfield code="a">Biology</subfield>
    <subfield code="a">Zoology</subfield>
    <subfield code="2">lcsh</subfield>
  </datafield>
  <datafield tag="373" ind1=" " ind2=" ">
    <subfield code="a">Williams College</subfield>
    <subfield code="2">naf</subfield>
  </datafield>
  <datafield tag="373" ind1=" " ind2=" ">
    <subfield code="a">Union College (Schenectady, N.Y.)</subfield>
    <subfield code="2">naf</subfield>
  </datafield>
  <datafield tag="374" ind1=" " ind2=" ">
    <subfield code="a">College teachers</subfield>
    <subfield code="a">Novelists</subfield>
    <subfield code="a">Authors</subfield>
    <subfield code="2">lcsh</subfield>
  </datafield>
  <datafield tag="375" ind1=" " ind2=" ">
    <subfield code="a">Females</subfield>
    <subfield code="2">lcdgt</subfield>
  </datafield>
  <datafield tag="377" ind1=" " ind2=" ">
    <subfield code="a">eng</subfield>
  </datafield>
  <datafield tag="510" ind1="2" ind2=" ">
    <subfield code="w">r</subfield>
    <subfield code="i">Employer:</subfield>
    <subfield code="a">Williams College</subfield>
  </datafield>
  <datafield tag="670" ind1=" " ind2=" ">
    <subfield code="a">The diabetic&apos;s brand-name food exchange handbook, c1984:</subfield>
    <subfield code="b">CIP t.p. (Andrea Barrett)</subfield>
  </datafield>
  <datafield tag="670" ind1=" " ind2=" ">
    <subfield code="a">Lucid stars, 1988:</subfield>
    <subfield code="b">CIP t.p. (Andrea Barrett)</subfield>
  </datafield>
  <datafield tag="670" ind1=" " ind2=" ">
    <subfield code="a">Ship fever and other stories, 1996:</subfield>
    <subfield code="b">CIP t.p. (Andrea Barrett)</subfield>
  </datafield>
  <datafield tag="670" ind1=" " ind2=" ">
    <subfield code="a">The voyage of the Narwhal, 1999:</subfield>
    <subfield code="b">t.p. (Andrea Barrett)</subfield>
  </datafield>
  <datafield tag="670" ind1=" " ind2=" ">
    <subfield code="a">Phone call to the publisher, Feb. 18, 1999:</subfield>
    <subfield code="b">(no info. available about the author)</subfield>
  </datafield>
  <datafield tag="670" ind1=" " ind2=" ">
    <subfield code="a">Servants of the map, 2002:</subfield>
    <subfield code="b">CIP t.p. (Andrea Barrett)</subfield>
  </datafield>
  <datafield tag="670" ind1=" " ind2=" ">
    <subfield code="a">Contemp. authors, new rev. ser.:</subfield>
    <subfield code="b">v. 92 (Barrett, Andrea, b. July 17, 1965; lives in Rochester, NY; degree from Union College in biology; did graduate work in zoology; author of Diabetics brand-name food exchange handbook, 1984; Lucid stars, 1988; Secret Harmonies, 1089; The Middle kingdom, 1991; Forms of water, 1993; Ship fever and other stories, 1996 (winner of National Book Award); Voyage of the Narwhal, 1999)</subfield>
  </datafield>
  <datafield tag="670" ind1=" " ind2=" ">
    <subfield code="a">Writers dir., 2002:</subfield>
    <subfield code="b">(Barrett, Andrea, b. 1954)</subfield>
  </datafield>
  <datafield tag="670" ind1=" " ind2=" ">
    <subfield code="a">Union College magazine, Winter 2002, searched online Mar. 20, 2002</subfield>
    <subfield code="b">(Andrea Barrett &apos;74, who won the National Book Award in 1996 for Ship Fever and Other Stories, was one of twenty-three winners this fall of a grant from the John D. and Catherine T. MacArthur Foundation)</subfield>
  </datafield>
  <datafield tag="670" ind1=" " ind2=" ">
    <subfield code="a">Archangel, 2013:</subfield>
    <subfield code="b">ECIP t.p. (Andrea Barrett)</subfield>
  </datafield>
  <datafield tag="670" ind1=" " ind2=" ">
    <subfield code="a">Email from pub., May 22, 2013:</subfield>
    <subfield code="b">(Andrea Barrett&apos;s date of birth is Nov. 16, 1954. She writes, &quot;the 1965 birthdate comes, I think, from the article about me in Contemporary Authors, which also has several other incorrect bits of biographical information about me (they seem to have conflated me with someone else) ... [her works are] Diabetics brand name food exchange, 1984; Lucid stars, 1988; Secret harmonies, 1989; Middle kingdom, 1991; Forms of water, 1993; Ship fever and other stories, 1996; Voyage of the Narwal, 1998; Servants of the map, 2002; Story behind the story, edited with Peter Turchi, 2004; Air we breath, 2007; Kite in the wind, edited with Peter Turchi, 2011; Archangel, 2013)</subfield>
  </datafield>
  <datafield tag="670" ind1=" " ind2=" ">
    <subfield code="a">Mark Dion, 2017:</subfield>
    <subfield code="b">page 83 (Andrea Barrett is a novelist and short story writer. Known for her interest in science and scientists, she is a MacArthur Fellowship recipient. She teaches writing at Williams College)</subfield>
  </datafield>
  <datafield tag="953" ind1=" " ind2=" ">
    <subfield code="a">be01</subfield>
    <subfield code="b">rg16</subfield>
  </datafield>
</record>