
<record>
  <leader>00958cz  a2200229n  4500</leader>
  <controlfield tag="001">1963433</controlfield>
  <controlfield tag="003">DLC</controlfield>
  <controlfield tag="005">20200103073303.0</controlfield>
  <controlfield tag="008">831128n| azannaabn          |a aaa      </controlfield>
  <datafield tag="010" ind1=" " ind2=" ">
    <subfield code="a">n  83203041 </subfield>
  </datafield>
  <datafield tag="035" ind1=" " ind2=" ">
    <subfield code="a">(OCoLC)oca01014955</subfield>
  </datafield>
  <datafield tag="040" ind1=" " ind2=" ">
    <subfield code="a">DLC</subfield>
    <subfield code="b">eng</subfield>
    <subfield code="c">DLC</subfield>
    <subfield code="d">DLC</subfield>
    <subfield code="e">rda</subfield>
    <subfield code="d">InU</subfield>
  </datafield>
  <datafield tag="046" ind1=" " ind2=" ">
    <subfield code="f">1934</subfield>
    <subfield code="g">1999</subfield>
    <subfield code="2">edtf</subfield>
  </datafield>
  <datafield tag="100" ind1="1" ind2=" ">
    <subfield code="a">Nowak, Zenon Hubert</subfield>
  </datafield>
  <datafield tag="375" ind1=" " ind2=" ">
    <subfield code="a">Males</subfield>
    <subfield code="2">lcdgt</subfield>
  </datafield>
  <datafield tag="377" ind1=" " ind2=" ">
    <subfield code="a">pol</subfield>
  </datafield>
  <datafield tag="400" ind1="1" ind2=" ">
    <subfield code="a">Nowak, Z. H.</subfield>
    <subfield code="q">(Zenon Hubert)</subfield>
  </datafield>
  <datafield tag="670" ind1=" " ind2=" ">
    <subfield code="a">His Międzynarodowe procesy polubowne jako narzędzie polityki Zygmunta Luksemburskiego w północnej i środkowowschodniej Europie, 1412-1424, 1981:</subfield>
    <subfield code="b">t.p. (Zenon Hubert Nowak)</subfield>
  </datafield>
  <datafield tag="670" ind1=" " ind2=" ">
    <subfield code="a">LC data base, 07-30-02</subfield>
    <subfield code="b">(Old cat hdg.: Nowak, Zenon)</subfield>
  </datafield>
  <datafield tag="670" ind1=" " ind2=" ">
    <subfield code="a">NUKAT Center (Poland) in VIAF, viewed Aug. 31, 2012</subfield>
    <subfield code="b">(hdg.:  Nowak, Zenon Hubert (1934-1999))</subfield>
  </datafield>
  <datafield tag="670" ind1=" " ind2=" ">
    <subfield code="a">DNB in VIAF, January 2, 2020</subfield>
    <subfield code="b">(hdg.: Nowak, Zenon Hubert 1934-1999; Nowak, Zenon H.; Nowak, Zenon; Nowak, Z.H.; historian)</subfield>
  </datafield>
  <datafield tag="953" ind1=" " ind2=" ">
    <subfield code="a">ee33</subfield>
    <subfield code="b">fc13</subfield>
  </datafield>
</record>