
<record>
  <leader>02225cz  a2200241n  4500</leader>
  <controlfield tag="001">1978908</controlfield>
  <controlfield tag="003">DLC</controlfield>
  <controlfield tag="005">20200103073207.0</controlfield>
  <controlfield tag="008">841224n| azannaabn          |n aaa      </controlfield>
  <datafield tag="010" ind1=" " ind2=" ">
    <subfield code="a">n  84134021 </subfield>
  </datafield>
  <datafield tag="035" ind1=" " ind2=" ">
    <subfield code="a">(OCoLC)oca01242941</subfield>
  </datafield>
  <datafield tag="040" ind1=" " ind2=" ">
    <subfield code="a">InU</subfield>
    <subfield code="b">eng</subfield>
    <subfield code="e">rda</subfield>
    <subfield code="c">DLC</subfield>
    <subfield code="d">OU</subfield>
  </datafield>
  <datafield tag="046" ind1=" " ind2=" ">
    <subfield code="f">1908-08-16</subfield>
    <subfield code="g">1991-03-30</subfield>
    <subfield code="2">edtf</subfield>
  </datafield>
  <datafield tag="100" ind1="1" ind2=" ">
    <subfield code="a">Fuerst, Norbert,</subfield>
    <subfield code="d">1908-1991</subfield>
  </datafield>
  <datafield tag="370" ind1=" " ind2=" ">
    <subfield code="a">Homburg (Saarland, Germany)</subfield>
    <subfield code="b">Bloomington (Ind.)</subfield>
    <subfield code="2">naf</subfield>
  </datafield>
  <datafield tag="374" ind1=" " ind2=" ">
    <subfield code="a">Germanists</subfield>
    <subfield code="a">Literary historians</subfield>
    <subfield code="a">College teachers</subfield>
    <subfield code="2">lcsh</subfield>
  </datafield>
  <datafield tag="375" ind1=" " ind2=" ">
    <subfield code="a">Males</subfield>
    <subfield code="2">lcdgt</subfield>
  </datafield>
  <datafield tag="670" ind1=" " ind2=" ">
    <subfield code="a">His Ideologie und Literatur, 1976:</subfield>
    <subfield code="b">t.p. (Norbert Fuerst)</subfield>
  </datafield>
  <datafield tag="670" ind1=" " ind2=" ">
    <subfield code="a">LC data base, 12/11/84</subfield>
    <subfield code="b">(hdg.: Fuerst, Norbert, 1908- )</subfield>
  </datafield>
  <datafield tag="670" ind1=" " ind2=" ">
    <subfield code="a">National Library of France via VIAF, Jan. 2, 2020</subfield>
    <subfield code="b">(born: 1908-08-16; died: 1991-03-30; preferred: Fuerst, Norbert 1908-1991; birthplace: Homburg/Saar, Allemagne; place of death: Bloomington, Ind.; country: Germany; field of activity: Ernst Paul; gender: Males; lang. code: ger; note: A aussi écrit en anglais, Germaniste)</subfield>
    <subfield code="u">http://www.viaf.org/processed/BNF%7C12461849</subfield>
  </datafield>
  <datafield tag="670" ind1=" " ind2=" ">
    <subfield code="a">German National Library via VIAF, Jan. 2, 2020</subfield>
    <subfield code="b">(identifier: http://d-nb.info/gnd/118536729; GAC: XA-DE; other class #: 12.1p sswd; preferred: Fuerst, Norbert 1908-1991; field of activity: Lukács, Georg, Deutschland, Fuerst, Norbert, Zweig, Max, 1892-1992; variant: Fürst, Norbert; related: Durzak, Manfred, 1938-, Hohlfeld, Alexander Rudolf, 1865-1956, Kittel, Paula M., Noth, Georg, 1890-1966, Ter-Nedden, Eberhard, 1908-1986, Bloomington)</subfield>
    <subfield code="u">http://www.viaf.org/processed/DNB%7C118536729</subfield>
  </datafield>
  <datafield tag="670" ind1=" " ind2=" ">
    <subfield code="a">National Library of the Netherlands via VIAF, Jan. 2, 2020</subfield>
    <subfield code="b">(identifier: 0000000109279384; preferred: Fuerst, Norbert, 1908-1991; field of activity: Grillparzer, Franz, 1791-1872., Goethe, Johann Wolfgang (Johann Wolfgang), 1749-1832., Hohlfeld, Alexander Rudolf, 1865-, Paul, the Apostle, Saint., Ernst, Paul (Paul Karl Friedrich), 1866-1933.; related: Durzak, Manfred, 1938-, Hohlfeld, Alexander Rudolf, 1865-1956., Kittel, Paula M., Noth, Georg., Reichmann, Eberhard., Rilke, Rainer Maria, 1875-1926., Schwinger, Christian., Ter-Nedden, Eberhard., Weisstein, Ulrich (Ulrich Werner), 1925-)</subfield>
    <subfield code="u">http://www.viaf.org/processed/NTA%7C068446071</subfield>
  </datafield>
  <datafield tag="953" ind1=" " ind2=" ">
    <subfield code="a">bz46</subfield>
  </datafield>
</record>