
<record>
  <leader>01367cz  a2200241n  4500</leader>
  <controlfield tag="001">1980825</controlfield>
  <controlfield tag="003">DLC</controlfield>
  <controlfield tag="005">20200103073302.0</controlfield>
  <controlfield tag="008">840926n| azannaabn          |a aaa      </controlfield>
  <datafield tag="010" ind1=" " ind2=" ">
    <subfield code="a">n  84160981 </subfield>
  </datafield>
  <datafield tag="035" ind1=" " ind2=" ">
    <subfield code="a">(OCoLC)oca01209144</subfield>
  </datafield>
  <datafield tag="040" ind1=" " ind2=" ">
    <subfield code="a">DLC</subfield>
    <subfield code="b">eng</subfield>
    <subfield code="c">DLC</subfield>
    <subfield code="e">rda</subfield>
    <subfield code="d">DLC</subfield>
    <subfield code="d">OBgU</subfield>
    <subfield code="d">OCoLC</subfield>
    <subfield code="d">DLC</subfield>
    <subfield code="d">IlMpPL</subfield>
    <subfield code="d">DLC</subfield>
    <subfield code="d">MdChhSMR</subfield>
  </datafield>
  <datafield tag="046" ind1=" " ind2=" ">
    <subfield code="f">1936-06-10</subfield>
    <subfield code="g">2019-12-30</subfield>
    <subfield code="2">edtf</subfield>
  </datafield>
  <datafield tag="053" ind1=" " ind2="0">
    <subfield code="a">PR6053.H4535</subfield>
  </datafield>
  <datafield tag="100" ind1="1" ind2=" ">
    <subfield code="a">Beaton, M. C.</subfield>
  </datafield>
  <datafield tag="370" ind1=" " ind2=" ">
    <subfield code="a">Glasgow (Scotland)</subfield>
    <subfield code="e">London (England)</subfield>
    <subfield code="2">naf</subfield>
  </datafield>
  <datafield tag="500" ind1="1" ind2=" ">
    <subfield code="w">nnnc</subfield>
    <subfield code="a">Chesney, Marion</subfield>
  </datafield>
  <datafield tag="663" ind1=" " ind2=" ">
    <subfield code="a">Works by this author are entered under the name used in the item. For a listing of other names used by this author, search also under:</subfield>
    <subfield code="b">Chesney, Marion.</subfield>
  </datafield>
  <datafield tag="670" ind1=" " ind2=" ">
    <subfield code="a">Author&apos;s Death of a gossip, 1985:</subfield>
    <subfield code="b">CIP t.p. (M.C. Beaton) publisher info (b. Scotland, resides in London)</subfield>
  </datafield>
  <datafield tag="670" ind1=" " ind2=" ">
    <subfield code="a">Her Death of a macho man, 1996:</subfield>
    <subfield code="b">CIP t.p. (M.C. Beaton) pub. info. (real name Marion Chesney)</subfield>
  </datafield>
  <datafield tag="670" ind1=" " ind2=" ">
    <subfield code="a">Biog. resource center (Contemp. authors), Feb. 25, 2005</subfield>
    <subfield code="b">(Marion Chesney; also known as M. C. Beaton, Helen Crampton, Ann Fairfax, Jennie Tremaine, Charlotte Ward; b. June 10, 1936, Glasgow, Scotland)</subfield>
  </datafield>
  <datafield tag="670" ind1=" " ind2=" ">
    <subfield code="a">Bookseller website, consulted January 2, 2020</subfield>
    <subfield code="b">(M.C. Beaton; prolific writer MC Beaton, creator of the much-loved Agatha Raisin and Hamish Macbeth series, has died. Beaton passed away on 30th December [2019] aged 83)</subfield>
  </datafield>
  <datafield tag="953" ind1=" " ind2=" ">
    <subfield code="a">bv11</subfield>
    <subfield code="b">rg10</subfield>
  </datafield>
</record>