
<record>
  <leader>00923cz  a2200205n  4500</leader>
  <controlfield tag="001">1984986</controlfield>
  <controlfield tag="003">DLC</controlfield>
  <controlfield tag="005">20200103073302.0</controlfield>
  <controlfield tag="008">840910n| azannaabn          |a aaa      </controlfield>
  <datafield tag="010" ind1=" " ind2=" ">
    <subfield code="a">n  84216781 </subfield>
  </datafield>
  <datafield tag="035" ind1=" " ind2=" ">
    <subfield code="a">(OCoLC)oca01193813</subfield>
  </datafield>
  <datafield tag="040" ind1=" " ind2=" ">
    <subfield code="a">DLC</subfield>
    <subfield code="b">eng</subfield>
    <subfield code="e">rda</subfield>
    <subfield code="c">DLC</subfield>
    <subfield code="d">DNLM</subfield>
    <subfield code="d">CU</subfield>
  </datafield>
  <datafield tag="046" ind1=" " ind2=" ">
    <subfield code="f">1903-04-27</subfield>
    <subfield code="g">1995-09-03</subfield>
    <subfield code="2">edtf</subfield>
  </datafield>
  <datafield tag="100" ind1="1" ind2=" ">
    <subfield code="a">León, Luis A.</subfield>
  </datafield>
  <datafield tag="378" ind1=" " ind2=" ">
    <subfield code="q">Luis Alberto León Vinueza</subfield>
  </datafield>
  <datafield tag="400" ind1="1" ind2=" ">
    <subfield code="a">León Vinueza, Luis A.</subfield>
  </datafield>
  <datafield tag="670" ind1=" " ind2=" ">
    <subfield code="a">Compilación de crónicas, relatos y descripciones de Cuenca y su provincia, 1983- :</subfield>
    <subfield code="b">v. 1., t.p. (Luis A. León; physician and writer; professor of biology, Instituto Superior de Pedagogía, Universidad Central of Ecuador)</subfield>
  </datafield>
  <datafield tag="670" ind1=" " ind2=" ">
    <subfield code="a">LC data base, 8/27/84</subfield>
    <subfield code="b">(hdg.: León, Luis A.)</subfield>
  </datafield>
  <datafield tag="670" ind1=" " ind2=" ">
    <subfield code="a">Luis A. León Vinueza, v. 1, 2019:</subfield>
    <subfield code="b">t.p. (Luis A. León Vinueza) p. 39 (born April 27, 1903 in Atahualpa; died Sept. 3, 1995 in Quito) p. 43 (Luis Alberto León)</subfield>
  </datafield>
  <datafield tag="953" ind1=" " ind2=" ">
    <subfield code="a">bh27</subfield>
  </datafield>
</record>