
<record>
  <leader>01153cz  a2200265n  4500</leader>
  <controlfield tag="001">1992010</controlfield>
  <controlfield tag="003">DLC</controlfield>
  <controlfield tag="005">20200103061043.0</controlfield>
  <controlfield tag="008">850523n| azannaabn          |b aaa      </controlfield>
  <datafield tag="010" ind1=" " ind2=" ">
    <subfield code="a">n  85018221 </subfield>
  </datafield>
  <datafield tag="035" ind1=" " ind2=" ">
    <subfield code="a">(OCoLC)oca01352029</subfield>
  </datafield>
  <datafield tag="040" ind1=" " ind2=" ">
    <subfield code="a">DLC</subfield>
    <subfield code="b">eng</subfield>
    <subfield code="e">rda</subfield>
    <subfield code="c">DLC</subfield>
    <subfield code="d">DLC</subfield>
    <subfield code="d">OCoLC</subfield>
    <subfield code="d">DLC</subfield>
  </datafield>
  <datafield tag="046" ind1=" " ind2=" ">
    <subfield code="f">1853</subfield>
    <subfield code="g">1935</subfield>
    <subfield code="2">edtf</subfield>
  </datafield>
  <datafield tag="053" ind1=" " ind2="0">
    <subfield code="a">PK2199.R5</subfield>
  </datafield>
  <datafield tag="100" ind1="0" ind2=" ">
    <subfield code="a">Riyāz̤ K̲h̲airābādī,</subfield>
    <subfield code="d">1853-1935</subfield>
  </datafield>
  <datafield tag="375" ind1=" " ind2=" ">
    <subfield code="a">Males</subfield>
    <subfield code="2">lcdgt</subfield>
  </datafield>
  <datafield tag="377" ind1=" " ind2=" ">
    <subfield code="a">urd</subfield>
  </datafield>
  <datafield tag="400" ind1="1" ind2=" ">
    <subfield code="a">K̲h̲airābādī, Riyāz̤,</subfield>
    <subfield code="d">1853-1935</subfield>
  </datafield>
  <datafield tag="400" ind1="0" ind2=" ">
    <subfield code="a">‏رياض خير‌آبادى،‏</subfield>
    <subfield code="d">‏1853-1935</subfield>
  </datafield>
  <datafield tag="400" ind1="0" ind2=" ">
    <subfield code="a">Reyaz Khairabadi,</subfield>
    <subfield code="d">1853-1935</subfield>
  </datafield>
  <datafield tag="400" ind1="0" ind2=" ">
    <subfield code="a">Reyaz Kherabadi,</subfield>
    <subfield code="d">1853-1935</subfield>
  </datafield>
  <datafield tag="667" ind1=" " ind2=" ">
    <subfield code="a">Non-Latin script reference not evaluated.</subfield>
  </datafield>
  <datafield tag="670" ind1=" " ind2=" ">
    <subfield code="a">K̲h̲ān̲, K̲h̲alīlullāh. K̲h̲um k̲h̲ānah-i Riyāz̤, 1983:</subfield>
    <subfield code="b">t.p. (Riyāz̤ K̲h̲airābādī) data from Delhi office (b. 1853; d. 1935)</subfield>
  </datafield>
  <datafield tag="670" ind1=" " ind2=" ">
    <subfield code="a">Riyāẓ K̲h̲airābādī, 2016:</subfield>
    <subfield code="b">t.p. (Riyāẓ K̲h̲airābādī = رياض خير‌آبادى) t.p. verso (Reyaz Khairabadi)</subfield>
  </datafield>
  <datafield tag="670" ind1=" " ind2=" ">
    <subfield code="a">Riyāẓ K̲h̲airābādī, 2019:</subfield>
    <subfield code="b">t.p. (Riyāẓ K̲h̲airābādī) p. 4 of cover (Reyaz Kherabadi)</subfield>
  </datafield>
</record>