
<record>
  <leader>00907cz  a2200229n  4500</leader>
  <controlfield tag="001">2009117</controlfield>
  <controlfield tag="003">DLC</controlfield>
  <controlfield tag="005">20200103073214.0</controlfield>
  <controlfield tag="008">851105nc azannaabn          |b aaa      </controlfield>
  <datafield tag="010" ind1=" " ind2=" ">
    <subfield code="a">n  85236591 </subfield>
  </datafield>
  <datafield tag="035" ind1=" " ind2=" ">
    <subfield code="a">(OCoLC)oca01495354</subfield>
  </datafield>
  <datafield tag="040" ind1=" " ind2=" ">
    <subfield code="a">DLC</subfield>
    <subfield code="b">eng</subfield>
    <subfield code="e">rda</subfield>
    <subfield code="c">DLC</subfield>
    <subfield code="d">OCoLC</subfield>
    <subfield code="d">InU</subfield>
    <subfield code="d">MH</subfield>
  </datafield>
  <datafield tag="100" ind1="1" ind2=" ">
    <subfield code="a">Wang, Yarong</subfield>
  </datafield>
  <datafield tag="400" ind1="1" ind2=" ">
    <subfield code="w">nne</subfield>
    <subfield code="a">Wang, Ya-jung</subfield>
  </datafield>
  <datafield tag="400" ind1="1" ind2=" ">
    <subfield code="a">王亞蓉</subfield>
  </datafield>
  <datafield tag="400" ind1="1" ind2=" ">
    <subfield code="a">王亚蓉</subfield>
  </datafield>
  <datafield tag="667" ind1=" " ind2=" ">
    <subfield code="a">Machine-derived non-Latin script reference project.</subfield>
  </datafield>
  <datafield tag="667" ind1=" " ind2=" ">
    <subfield code="a">Non-Latin script references not evaluated.</subfield>
  </datafield>
  <datafield tag="667" ind1=" " ind2=" ">
    <subfield code="a">Non-Latin script references reviewed in NACO CJK Funnel References Project.</subfield>
  </datafield>
  <datafield tag="670" ind1=" " ind2=" ">
    <subfield code="a">Her Chung-kuo min chien tzʻu hsiu, 1985:</subfield>
    <subfield code="b">t.p. (Wang Ya-jung) jkt. (with Chung-kuo she hui kʻo hsüeh yüan li shih yen chiu so fu shih yen chiu tsu)</subfield>
  </datafield>
  <datafield tag="670" ind1=" " ind2=" ">
    <subfield code="a">OCLC #15412046, January 2, 2020</subfield>
    <subfield code="b">(access point: 王亞蓉 = Wang, Yarong; usage: 王亞蓉 = Wang Yarong)</subfield>
  </datafield>
  <datafield tag="953" ind1=" " ind2=" ">
    <subfield code="a">bl08</subfield>
  </datafield>
</record>