
<record>
  <leader>00897cz  a2200205n  4500</leader>
  <controlfield tag="001">2079471</controlfield>
  <controlfield tag="003">DLC</controlfield>
  <controlfield tag="005">20200103073325.0</controlfield>
  <controlfield tag="008">890331n| azannaabn          |a aaa      </controlfield>
  <datafield tag="010" ind1=" " ind2=" ">
    <subfield code="a">n  88207021 </subfield>
  </datafield>
  <datafield tag="035" ind1=" " ind2=" ">
    <subfield code="a">(OCoLC)oca02492990</subfield>
  </datafield>
  <datafield tag="040" ind1=" " ind2=" ">
    <subfield code="a">DLC</subfield>
    <subfield code="b">eng</subfield>
    <subfield code="e">rda</subfield>
    <subfield code="c">DLC</subfield>
    <subfield code="d">DLC</subfield>
    <subfield code="d">DNLM</subfield>
    <subfield code="d">PPiU-H</subfield>
    <subfield code="d">DNLM</subfield>
  </datafield>
  <datafield tag="100" ind1="1" ind2=" ">
    <subfield code="a">Westerhof, N.</subfield>
  </datafield>
  <datafield tag="378" ind1=" " ind2=" ">
    <subfield code="q">Nicolaas</subfield>
  </datafield>
  <datafield tag="400" ind1="1" ind2=" ">
    <subfield code="a">Westerhof, Nico</subfield>
  </datafield>
  <datafield tag="400" ind1="1" ind2=" ">
    <subfield code="a">Westerhof, Nicolaas</subfield>
  </datafield>
  <datafield tag="670" ind1=" " ind2=" ">
    <subfield code="a">NATO Advanced Research Workshop on Vascular Dynamics and Physiological Perspectives (1988 : Acquafredda di Maratea, Italy). Vascular dynamics physiological perspectives,</subfield>
    <subfield code="b">CIP t.p. (N. Westerhof; Free Univ. of Amsterdam, The Netherlands)</subfield>
  </datafield>
  <datafield tag="670" ind1=" " ind2=" ">
    <subfield code="a">The physics of heart and circulation, 1993:</subfield>
    <subfield code="b">CIP t.p. (Nico Westerhof, PhD; prof. of physiology, Free Univ. of Amsterdam, Amsterdam)</subfield>
  </datafield>
  <datafield tag="670" ind1=" " ind2=" ">
    <subfield code="a">Snapshots of hemodynamics, c2010:</subfield>
    <subfield code="b">t.p. (Nicolaas Westerhof)</subfield>
  </datafield>
  <datafield tag="953" ind1=" " ind2=" ">
    <subfield code="a">bc27</subfield>
    <subfield code="b">bc27</subfield>
  </datafield>
</record>