
<record>
  <leader>01392cz  a2200265n  4500</leader>
  <controlfield tag="001">2118925</controlfield>
  <controlfield tag="003">DLC</controlfield>
  <controlfield tag="005">20200103073158.0</controlfield>
  <controlfield tag="008">900222n| azannaabn          |a aaa      </controlfield>
  <datafield tag="010" ind1=" " ind2=" ">
    <subfield code="a">n  90613591 </subfield>
  </datafield>
  <datafield tag="035" ind1=" " ind2=" ">
    <subfield code="a">(OCoLC)oca02691152</subfield>
  </datafield>
  <datafield tag="040" ind1=" " ind2=" ">
    <subfield code="a">DLC</subfield>
    <subfield code="b">eng</subfield>
    <subfield code="e">rda</subfield>
    <subfield code="c">DLC</subfield>
    <subfield code="d">DLC</subfield>
    <subfield code="d">N</subfield>
  </datafield>
  <datafield tag="046" ind1=" " ind2=" ">
    <subfield code="f">1854-09-01</subfield>
    <subfield code="g">1916-03-28</subfield>
    <subfield code="2">edtf</subfield>
  </datafield>
  <datafield tag="100" ind1="1" ind2=" ">
    <subfield code="a">Lincoln, James Minor,</subfield>
    <subfield code="d">1854-1916</subfield>
  </datafield>
  <datafield tag="374" ind1=" " ind2=" ">
    <subfield code="a">Marine engineers</subfield>
    <subfield code="a">Genealogists</subfield>
    <subfield code="2">lcsh</subfield>
  </datafield>
  <datafield tag="375" ind1=" " ind2=" ">
    <subfield code="a">Males</subfield>
    <subfield code="2">lcdgt</subfield>
  </datafield>
  <datafield tag="377" ind1=" " ind2=" ">
    <subfield code="a">eng</subfield>
  </datafield>
  <datafield tag="400" ind1="1" ind2=" ">
    <subfield code="w">nnea</subfield>
    <subfield code="a">Lincoln, James Minor,</subfield>
    <subfield code="d">b. 1854</subfield>
  </datafield>
  <datafield tag="400" ind1="1" ind2=" ">
    <subfield code="a">Lincoln, James M.,</subfield>
    <subfield code="d">1854-1916</subfield>
  </datafield>
  <datafield tag="670" ind1=" " ind2=" ">
    <subfield code="a">nuc89-8133: Lincoln, R. The papers of Captain Rufus Lincoln [MI] 1904</subfield>
    <subfield code="b">(hdg. on CtY rept.: Lincoln, James Minor; usage: James Minor Lincoln)</subfield>
  </datafield>
  <datafield tag="670" ind1=" " ind2=" ">
    <subfield code="a">LC data base, 02-22-90</subfield>
    <subfield code="b">(hdg.: Lincoln, James Minor, 1854- )</subfield>
  </datafield>
  <datafield tag="670" ind1=" " ind2=" ">
    <subfield code="a">The Nagle - Dyckman - Vermilye Cemetery, 1910 :</subfield>
    <subfield code="b">page 1 (James M. Lincoln)</subfield>
  </datafield>
  <datafield tag="670" ind1=" " ind2=" ">
    <subfield code="a">Find A Grave Memorial web site, viewed January 2, 2020 :</subfield>
    <subfield code="b">James Minor Lincoln (1854-1916) page (James Minor Lincoln, Birth 1 Sep 1854 .... Death 28 Mar 1916)</subfield>
  </datafield>
  <datafield tag="670" ind1=" " ind2=" ">
    <subfield code="a">Transactions - the Society of Naval Architects and Marine Engineers, 1916:</subfield>
    <subfield code="b">page 223 (James Minor Lincoln ... died ... March 28, 1916 ... born ... on September 1, 1854 ... joined Clyde Steamship Company ... became ... assistant engineer of the line ... he devoted himself to genealogy and historical research)</subfield>
  </datafield>
  <datafield tag="953" ind1=" " ind2=" ">
    <subfield code="a">na20</subfield>
  </datafield>
</record>