
<record>
  <leader>01735cz  a2200373n  4500</leader>
  <controlfield tag="001">2266013</controlfield>
  <controlfield tag="003">DLC</controlfield>
  <controlfield tag="005">20200103073250.0</controlfield>
  <controlfield tag="008">970825nc azannaabn          |b aaa     c</controlfield>
  <datafield tag="010" ind1=" " ind2=" ">
    <subfield code="a">no 97049771 </subfield>
  </datafield>
  <datafield tag="035" ind1=" " ind2=" ">
    <subfield code="a">(OCoLC)oca04414625</subfield>
  </datafield>
  <datafield tag="040" ind1=" " ind2=" ">
    <subfield code="a">CLU</subfield>
    <subfield code="b">eng</subfield>
    <subfield code="e">rda</subfield>
    <subfield code="c">CLU</subfield>
    <subfield code="d">OCoLC</subfield>
    <subfield code="d">DLC-R</subfield>
    <subfield code="d">DNLM</subfield>
    <subfield code="d">OCoLC</subfield>
    <subfield code="d">DLC</subfield>
    <subfield code="d">CtY</subfield>
  </datafield>
  <datafield tag="046" ind1=" " ind2=" ">
    <subfield code="s">1615</subfield>
    <subfield code="t">1617</subfield>
  </datafield>
  <datafield tag="100" ind1="1" ind2=" ">
    <subfield code="a">Chen, Shigong,</subfield>
    <subfield code="d">active 1615-1617</subfield>
  </datafield>
  <datafield tag="400" ind1="1" ind2=" ">
    <subfield code="a">Chen, Ikujin,</subfield>
    <subfield code="d">active 1615-1617</subfield>
  </datafield>
  <datafield tag="400" ind1="1" ind2=" ">
    <subfield code="a">Chʻen, Jo-hsü,</subfield>
    <subfield code="d">active 1615-1617</subfield>
  </datafield>
  <datafield tag="400" ind1="1" ind2=" ">
    <subfield code="a">Chen, Ruoxu,</subfield>
    <subfield code="d">active 1615-1617</subfield>
  </datafield>
  <datafield tag="400" ind1="1" ind2=" ">
    <subfield code="w">nnea</subfield>
    <subfield code="a">Chen, Shigong,</subfield>
    <subfield code="d">fl. 1615-1617</subfield>
  </datafield>
  <datafield tag="400" ind1="1" ind2=" ">
    <subfield code="w">nnea</subfield>
    <subfield code="a">Chʻen, Shih-kung,</subfield>
    <subfield code="d">fl. 1615-1617</subfield>
  </datafield>
  <datafield tag="400" ind1="1" ind2=" ">
    <subfield code="a">Chʻen, Yü-jen,</subfield>
    <subfield code="d">active 1615-1617</subfield>
  </datafield>
  <datafield tag="400" ind1="1" ind2=" ">
    <subfield code="a">Chen, Yuren,</subfield>
    <subfield code="d">active 1615-1617</subfield>
  </datafield>
  <datafield tag="400" ind1="1" ind2=" ">
    <subfield code="a">Chin, Jikkō,</subfield>
    <subfield code="d">active 1615-1617</subfield>
  </datafield>
  <datafield tag="400" ind1="1" ind2=" ">
    <subfield code="a">陳實功,</subfield>
    <subfield code="d">active 1615-1617</subfield>
  </datafield>
  <datafield tag="400" ind1="1" ind2=" ">
    <subfield code="a">陈实功,</subfield>
    <subfield code="d">active 1615-1617</subfield>
  </datafield>
  <datafield tag="667" ind1=" " ind2=" ">
    <subfield code="a">Machine-derived non-Latin script reference project.</subfield>
  </datafield>
  <datafield tag="667" ind1=" " ind2=" ">
    <subfield code="a">Non-Latin script references not evaluated.</subfield>
  </datafield>
  <datafield tag="667" ind1=" " ind2=" ">
    <subfield code="a">Non-Latin script references reviewed in NACO CJK Funnel References Project.</subfield>
  </datafield>
  <datafield tag="670" ind1=" " ind2=" ">
    <subfield code="a">His Hsin kʻan Wai kʻo cheng tsung, 1617</subfield>
    <subfield code="b">t.p. (Chʻen Shih-kung Yü-jen; native of Chʻung-chʻuan) inner cover (Chʻen, Jo-hsü) 1st. pref. (dated 1615)</subfield>
  </datafield>
  <datafield tag="670" ind1=" " ind2=" ">
    <subfield code="a">Geka seisō, 1791:</subfield>
    <subfield code="b">t.p. (Chin Jikkō Ikujin; [chi. rdg.: Chen Shigong Yuren])</subfield>
  </datafield>
  <datafield tag="670" ind1=" " ind2=" ">
    <subfield code="a">His Wai kʹo cheng tsung, 1989:</subfield>
    <subfield code="b">t.p. (Chén Shih-kung, Ming dynasty; Yü-jen; h. Jo-hsü; 1555-1636)</subfield>
  </datafield>
  <datafield tag="675" ind1=" " ind2=" ">
    <subfield code="a">Chiang, L.F. Li tai jen wu nien li tʻung pʻu, 1963</subfield>
  </datafield>
  <datafield tag="670" ind1=" " ind2=" ">
    <subfield code="a">OCLC #51289953, Dec. 28, 2019</subfield>
    <subfield code="b">(access point: 陳實功, active 1615-1617 = Chen, Shigong, active 1615-1617; usage: 陳實功 = Chen Shigong)</subfield>
  </datafield>
  <datafield tag="953" ind1=" " ind2=" ">
    <subfield code="a">xx00</subfield>
  </datafield>
  <datafield tag="985" ind1=" " ind2=" ">
    <subfield code="c">OCLC</subfield>
    <subfield code="e">LSPC</subfield>
  </datafield>
</record>