
<record>
  <leader>02729cz  a2200313n  4500</leader>
  <controlfield tag="001">2295599</controlfield>
  <controlfield tag="003">DLC</controlfield>
  <controlfield tag="005">20200103073237.0</controlfield>
  <controlfield tag="008">980428n| azannaabn          |a aaa      </controlfield>
  <datafield tag="010" ind1=" " ind2=" ">
    <subfield code="a">n  98039531 </subfield>
  </datafield>
  <datafield tag="035" ind1=" " ind2=" ">
    <subfield code="a">(OCoLC)oca04717206</subfield>
  </datafield>
  <datafield tag="040" ind1=" " ind2=" ">
    <subfield code="a">DLC</subfield>
    <subfield code="b">eng</subfield>
    <subfield code="e">rda</subfield>
    <subfield code="c">DLC</subfield>
    <subfield code="d">DLC</subfield>
    <subfield code="d">PPi-MA</subfield>
  </datafield>
  <datafield tag="046" ind1=" " ind2=" ">
    <subfield code="k">1786</subfield>
    <subfield code="2">edtf</subfield>
  </datafield>
  <datafield tag="100" ind1="1" ind2=" ">
    <subfield code="a">Mozart, Wolfgang Amadeus,</subfield>
    <subfield code="d">1756-1791.</subfield>
    <subfield code="t">Nocturnes,</subfield>
    <subfield code="m">soprano voices (2), bass voice, woodwind instruments (3)</subfield>
  </datafield>
  <datafield tag="370" ind1=" " ind2=" ">
    <subfield code="g">Vienna (Austria)</subfield>
    <subfield code="2">naf</subfield>
  </datafield>
  <datafield tag="380" ind1=" " ind2=" ">
    <subfield code="a">Canzonets (Part songs)</subfield>
    <subfield code="a">Chamber music</subfield>
    <subfield code="2">lcgft</subfield>
  </datafield>
  <datafield tag="382" ind1="0" ind2=" ">
    <subfield code="a">soprano voice</subfield>
    <subfield code="n">2</subfield>
    <subfield code="a">bass voice</subfield>
    <subfield code="n">1</subfield>
    <subfield code="a">basset horn</subfield>
    <subfield code="n">3</subfield>
    <subfield code="s">6</subfield>
    <subfield code="2">lcmpt</subfield>
  </datafield>
  <datafield tag="382" ind1="0" ind2=" ">
    <subfield code="a">soprano voice</subfield>
    <subfield code="n">2</subfield>
    <subfield code="a">bass voice</subfield>
    <subfield code="n">1</subfield>
    <subfield code="a">clarinet</subfield>
    <subfield code="n">2</subfield>
    <subfield code="a">basset horn</subfield>
    <subfield code="n">1</subfield>
    <subfield code="s">6</subfield>
    <subfield code="2">lcmpt</subfield>
  </datafield>
  <datafield tag="383" ind1=" " ind2=" ">
    <subfield code="c">K. 436-439</subfield>
    <subfield code="d">Köchel6</subfield>
    <subfield code="2">mlati</subfield>
  </datafield>
  <datafield tag="383" ind1=" " ind2=" ">
    <subfield code="c">K. 346</subfield>
    <subfield code="d">Köchel</subfield>
    <subfield code="2">mlati</subfield>
  </datafield>
  <datafield tag="383" ind1=" " ind2=" ">
    <subfield code="c">K. 439a</subfield>
    <subfield code="d">Köchel6</subfield>
    <subfield code="2">mlati</subfield>
  </datafield>
  <datafield tag="400" ind1="1" ind2=" ">
    <subfield code="a">Mozart, Wolfgang Amadeus,</subfield>
    <subfield code="d">1756-1791.</subfield>
    <subfield code="t">Canzonettas,</subfield>
    <subfield code="m">soprano voices (2), bass voice, woodwind instruments (3)</subfield>
  </datafield>
  <datafield tag="400" ind1="1" ind2=" ">
    <subfield code="a">Mozart, Wolfgang Amadeus,</subfield>
    <subfield code="d">1756-1791.</subfield>
    <subfield code="t">Trios,</subfield>
    <subfield code="m">soprano voices (2), bass voice, woodwind instruments (3)</subfield>
  </datafield>
  <datafield tag="400" ind1="1" ind2=" ">
    <subfield code="w">nnea</subfield>
    <subfield code="a">Mozart, Wolfgang Amadeus,</subfield>
    <subfield code="d">1756-1791.</subfield>
    <subfield code="t">Nocturnes,</subfield>
    <subfield code="m">sopranos (2), bass, woodwinds</subfield>
  </datafield>
  <datafield tag="670" ind1=" " ind2=" ">
    <subfield code="a">Mozart, W.A. Divertimenti e notturni [SR] 1996?:</subfield>
    <subfield code="b">container (covers K. 436-439 and 346)</subfield>
  </datafield>
  <datafield tag="670" ind1=" " ind2=" ">
    <subfield code="a">Köchel, 6. Aufl.</subfield>
    <subfield code="b">(K. 436-439, 346 (439a): for 2 sopranos, bass, and 3 clarinets and basset horns)</subfield>
  </datafield>
  <datafield tag="670" ind1=" " ind2=" ">
    <subfield code="a">Mozart, Wolfgang Amadeus. Mehrstimmige Gesänge, 1971:</subfield>
    <subfield code="b">contents (Sechs Notturni (Kanzonetten). Due pupille amabili : Notturno (Terzett) für zwei Soprane und Bass mit Begleitung von drei Bassetthörnern, KV 439 ; Se lontan, ben mio, tu sei : Notturno (Terzett) für zwei Soprane und Bass mit Begleitung von zwei Klarinetten und Bassetthorn, KV 438 ; Ecco quel fiero istante : Notturno (Terzett) für zwei Soprane und Bass mit Begleitung von drei Bassetthörnern, KV 436 ; Mi lagnerò tacendo : Notturno (Terzett) für zwei Soprane und Bass mit Begleitung von zwei Klarinetten und Bassetthorn, KV 437 ; Luci care, luci belle : Notturno (Terzett) für zwei Soprane und Bass mit Begleitung von drei Bassetthörnern, KV 346 (439a))</subfield>
  </datafield>
  <datafield tag="670" ind1=" " ind2=" ">
    <subfield code="a">Grove music online, December 16, 2019:</subfield>
    <subfield code="b">vocal ensembles with piano or instrumental ensemble (K. 436, Ecco quel fiero istante (Metastasio: Canzonette), S, S, B, 3 basset-hn; ?Vienna, ?1786; K. 437, Mi lagnerò tacendo (Metastasio: Siroe), S, S, B, 2 cl, basset-hn; Vienna, 1786; K. 438, Se lontan ben mio (Metastasio: Strofe per musica), S, S, B, 2 cl, basset-hn, Vienna, ?1786; K. 439, Due pupille amabili, S, S, B, 3 basset-hn; Vienna, ?1786; K. 346=K. 439a, Luci care, luci belle, S, S, B, 3 basset-hn; Vienna, ?1786; [all 5 works]: notturno; ?partly by G. von Jacquin)</subfield>
  </datafield>
  <datafield tag="953" ind1=" " ind2=" ">
    <subfield code="a">vl24</subfield>
  </datafield>
</record>