
<record>
  <leader>00801cz  a2200157n  4500</leader>
  <controlfield tag="001">2300062</controlfield>
  <controlfield tag="003">DLC</controlfield>
  <controlfield tag="005">20200103073238.0</controlfield>
  <controlfield tag="008">980701n| azannaabn          |a ana      </controlfield>
  <datafield tag="010" ind1=" " ind2=" ">
    <subfield code="a">n  98059631 </subfield>
  </datafield>
  <datafield tag="035" ind1=" " ind2=" ">
    <subfield code="a">(OCoLC)oca04763547</subfield>
  </datafield>
  <datafield tag="040" ind1=" " ind2=" ">
    <subfield code="a">DLC</subfield>
    <subfield code="b">eng</subfield>
    <subfield code="c">DLC</subfield>
    <subfield code="d">DLC</subfield>
    <subfield code="e">rda</subfield>
    <subfield code="d">DLC-S</subfield>
  </datafield>
  <datafield tag="110" ind1="2" ind2=" ">
    <subfield code="a">Anton de Kom Universiteit van Suriname.</subfield>
    <subfield code="b">Instituut voor Maatschappij Wetenschappelijk Onderzoek</subfield>
  </datafield>
  <datafield tag="410" ind1="2" ind2=" ">
    <subfield code="a">IMWO</subfield>
  </datafield>
  <datafield tag="670" ind1=" " ind2=" ">
    <subfield code="a">Suriname en Nederland : de volgende 20 jaar : verslag seminar, 1996:</subfield>
    <subfield code="b">t.p. verso (Instituut voor Maatschappij Wetenschappelijk Onderzoek (IMWO) appears both below the seal: Anton de Kom Universiteit van Suriname, and also appears in a hierarchical relationship as: Universiteit van Suriname, Instituut voor Maatschappij Wetenschappelijk Onderzoek (IMWO); Leysweg, Paramaribo)</subfield>
  </datafield>
  <datafield tag="953" ind1=" " ind2=" ">
    <subfield code="a">lc17</subfield>
  </datafield>
</record>