
<record>
  <leader>00746cz  a2200169n  4500</leader>
  <controlfield tag="001">2365952</controlfield>
  <controlfield tag="003">DLC</controlfield>
  <controlfield tag="005">20200103121055.0</controlfield>
  <controlfield tag="008">800312n| azannaab           |a aaa      </controlfield>
  <datafield tag="010" ind1=" " ind2=" ">
    <subfield code="a">n  80018777 </subfield>
  </datafield>
  <datafield tag="035" ind1=" " ind2=" ">
    <subfield code="a">(DLC)n  80018777</subfield>
  </datafield>
  <datafield tag="040" ind1=" " ind2=" ">
    <subfield code="a">DLC</subfield>
    <subfield code="b">eng</subfield>
    <subfield code="e">rda</subfield>
    <subfield code="c">DLC</subfield>
    <subfield code="d">DLC</subfield>
  </datafield>
  <datafield tag="100" ind1="1" ind2=" ">
    <subfield code="a">Stowitschek, Joseph J.</subfield>
  </datafield>
  <datafield tag="500" ind1="1" ind2=" ">
    <subfield code="a">James, J. S.</subfield>
    <subfield code="c">(Mystery writer)</subfield>
  </datafield>
  <datafield tag="670" ind1=" " ind2=" ">
    <subfield code="a">His Instructional materials for exceptional children, 1980:</subfield>
    <subfield code="b">t.p. (Joseph J. Stowitschek; George Peabody College for Teachers, Vanderbilt Univ.)</subfield>
  </datafield>
  <datafield tag="670" ind1=" " ind2=" ">
    <subfield code="a">River run, 2019:</subfield>
    <subfield code="b">title page (J.S. James) t.p. verso (©2019 by Joseph J. Stowitschek) page 3 of cover (J.S. James lives near Portland, Oregon; River run is his first novel; hard at work on more novels in the genre)</subfield>
  </datafield>
  <datafield tag="953" ind1=" " ind2=" ">
    <subfield code="a">ba13</subfield>
  </datafield>
</record>