
<record>
  <leader>01043cz  a2200205n  4500</leader>
  <controlfield tag="001">2366937</controlfield>
  <controlfield tag="003">DLC</controlfield>
  <controlfield tag="005">20200103153857.0</controlfield>
  <controlfield tag="008">800404n| azannaabn          |n aaa      </controlfield>
  <datafield tag="010" ind1=" " ind2=" ">
    <subfield code="a">n  80028987 </subfield>
  </datafield>
  <datafield tag="035" ind1=" " ind2=" ">
    <subfield code="a">(OCoLC)oca00411238</subfield>
  </datafield>
  <datafield tag="040" ind1=" " ind2=" ">
    <subfield code="a">DLC</subfield>
    <subfield code="b">eng</subfield>
    <subfield code="e">rda</subfield>
    <subfield code="c">DLC</subfield>
    <subfield code="d">UPB</subfield>
    <subfield code="d">IEN</subfield>
    <subfield code="d">DLC</subfield>
  </datafield>
  <datafield tag="100" ind1="1" ind2=" ">
    <subfield code="a">Mutch, Robert W.</subfield>
  </datafield>
  <datafield tag="372" ind1=" " ind2=" ">
    <subfield code="a">Biology</subfield>
    <subfield code="a">Forests and forestry</subfield>
    <subfield code="2">lcsh</subfield>
  </datafield>
  <datafield tag="373" ind1=" " ind2=" ">
    <subfield code="a">Albion College</subfield>
    <subfield code="a">University of Montana--Missoula</subfield>
    <subfield code="2">naf</subfield>
  </datafield>
  <datafield tag="374" ind1=" " ind2=" ">
    <subfield code="a">Authors</subfield>
    <subfield code="2">lcsh</subfield>
  </datafield>
  <datafield tag="375" ind1=" " ind2=" ">
    <subfield code="a">Males</subfield>
    <subfield code="2">lcdgt</subfield>
  </datafield>
  <datafield tag="377" ind1=" " ind2=" ">
    <subfield code="a">eng</subfield>
  </datafield>
  <datafield tag="670" ind1=" " ind2=" ">
    <subfield code="a">Anderson, H. E. Timelag and equilibrium moisture content of Ponderosa pine needles, 1978 (a.e.)</subfield>
    <subfield code="b">t.p. (Robert W. Mutch) verso of t.p. (Lolo National Forest)</subfield>
  </datafield>
  <datafield tag="670" ind1=" " ind2=" ">
    <subfield code="a">Western wildlands, 1989:</subfield>
    <subfield code="b">vol.15, no. 2, page 2 (Robert W. Mutch) page 3 (manager of the Disaster Assistance Support Program for the U.S. Forest Service&apos;s International Forestry Staff; member of the Interagency Task Force that prepared a report on the Greater Yellowstone Area fires for Congress; BA, biology, Albion College, MS, forestry, University of Montana)</subfield>
  </datafield>
</record>