
<record>
  <leader>00820cz  a2200193n  4500</leader>
  <controlfield tag="001">2372715</controlfield>
  <controlfield tag="003">DLC</controlfield>
  <controlfield tag="005">20200103073228.0</controlfield>
  <controlfield tag="008">800731n| azannaabn          |n aaa      </controlfield>
  <datafield tag="010" ind1=" " ind2=" ">
    <subfield code="a">n  80089017 </subfield>
  </datafield>
  <datafield tag="035" ind1=" " ind2=" ">
    <subfield code="a">(OCoLC)oca00470169</subfield>
  </datafield>
  <datafield tag="040" ind1=" " ind2=" ">
    <subfield code="a">DLC</subfield>
    <subfield code="b">eng</subfield>
    <subfield code="e">rda</subfield>
    <subfield code="c">DLC</subfield>
    <subfield code="d">DLC</subfield>
    <subfield code="d">DNLM</subfield>
  </datafield>
  <datafield tag="046" ind1=" " ind2=" ">
    <subfield code="f">1934-02-04</subfield>
    <subfield code="2">edtf</subfield>
  </datafield>
  <datafield tag="100" ind1="1" ind2=" ">
    <subfield code="a">Glassock, Richard J.</subfield>
  </datafield>
  <datafield tag="667" ind1=" " ind2=" ">
    <subfield code="a">AACR 1 form: Glassock, Richard J.</subfield>
  </datafield>
  <datafield tag="670" ind1=" " ind2=" ">
    <subfield code="a">Kidney disease, v. 1, 1979, surrogate (a.e.)</subfield>
    <subfield code="b">(no. info.); OCLC 6248299 (Richard J. Glassock)</subfield>
  </datafield>
  <datafield tag="670" ind1=" " ind2=" ">
    <subfield code="a">The Nephrotic syndrome, 1988:</subfield>
    <subfield code="b">CIP t.p. (Richard J. Glassock) publisher&apos;s info. (b. 2/4/34)</subfield>
  </datafield>
  <datafield tag="670" ind1=" " ind2=" ">
    <subfield code="a">Introduction to clinical medicine, c1991:</subfield>
    <subfield code="b">t.p. (Richard J. Glassock, MD, prof. of med., UCLA Sch. of Med., Los Angeles, chrmn., Dept. of Med., Harbor-UCLA Med. Ctr., Torrance, Calif.)</subfield>
  </datafield>
  <datafield tag="953" ind1=" " ind2=" ">
    <subfield code="a">dd28</subfield>
    <subfield code="b">bd07</subfield>
  </datafield>
</record>