
<record>
  <leader>01319cz  a2200277n  4500</leader>
  <controlfield tag="001">2376812</controlfield>
  <controlfield tag="003">DLC</controlfield>
  <controlfield tag="005">20200103073222.0</controlfield>
  <controlfield tag="008">801027n| azannaabn          |a aaa      </controlfield>
  <datafield tag="010" ind1=" " ind2=" ">
    <subfield code="a">n  80131517 </subfield>
  </datafield>
  <datafield tag="035" ind1=" " ind2=" ">
    <subfield code="a">(OCoLC)oca00511877</subfield>
  </datafield>
  <datafield tag="040" ind1=" " ind2=" ">
    <subfield code="a">DLC</subfield>
    <subfield code="b">eng</subfield>
    <subfield code="e">rda</subfield>
    <subfield code="c">DLC</subfield>
    <subfield code="d">DLC</subfield>
    <subfield code="d">OU</subfield>
  </datafield>
  <datafield tag="046" ind1=" " ind2=" ">
    <subfield code="f">1929</subfield>
    <subfield code="2">edtf</subfield>
  </datafield>
  <datafield tag="100" ind1="1" ind2=" ">
    <subfield code="a">Miller, Donald E.</subfield>
    <subfield code="q">(Donald Eugene),</subfield>
    <subfield code="d">1929-</subfield>
  </datafield>
  <datafield tag="370" ind1=" " ind2=" ">
    <subfield code="c">United States</subfield>
    <subfield code="e">Richmond (Ind.)</subfield>
    <subfield code="2">naf</subfield>
  </datafield>
  <datafield tag="372" ind1=" " ind2=" ">
    <subfield code="a">Christianity and other religions</subfield>
    <subfield code="2">lcsh</subfield>
  </datafield>
  <datafield tag="373" ind1=" " ind2=" ">
    <subfield code="a">Bethany Theological Seminary</subfield>
  </datafield>
  <datafield tag="374" ind1=" " ind2=" ">
    <subfield code="a">College teachers</subfield>
    <subfield code="2">lcsh</subfield>
  </datafield>
  <datafield tag="375" ind1=" " ind2=" ">
    <subfield code="a">Males</subfield>
    <subfield code="2">lcsh</subfield>
  </datafield>
  <datafield tag="400" ind1="1" ind2=" ">
    <subfield code="a">Miller, Donald Eugene,</subfield>
    <subfield code="d">1929-</subfield>
  </datafield>
  <datafield tag="670" ind1=" " ind2=" ">
    <subfield code="a">Groff, W. F.</subfield>
    <subfield code="b">The shaping ... 1968.</subfield>
  </datafield>
  <datafield tag="670" ind1=" " ind2=" ">
    <subfield code="a">Seymour, J.L. Contemporary approaches to Christian education, c1982:</subfield>
    <subfield code="b">t.p. (Donald E. Miller)</subfield>
  </datafield>
  <datafield tag="670" ind1=" " ind2=" ">
    <subfield code="a">Biog. resource center, Feb. 15, 2008</subfield>
    <subfield code="b">(Donald Eugene Miller; b. Dec. 2, 1929, Dayton, Ohio; retired minister, educator; Ph. D., Harvard U., 1962; gen sec., ch. of the Brethern Gen. Bd., Elgin, Ill., 1986-96; Brightbill prof. ministry studies, Bethany Theol. Sem.., 1982-86)</subfield>
  </datafield>
  <datafield tag="670" ind1=" " ind2=" ">
    <subfield code="a">The need for Christian-Muslim dialogue on peace, 2019, ©2019:</subfield>
    <subfield code="b">page xii (Donald Eugene Miller; Professor Emeritus of Christian Education and Ethics, Bethany Theological Seminary, Richmond, Indiana)</subfield>
  </datafield>
  <datafield tag="952" ind1=" " ind2=" ">
    <subfield code="a">RETRO</subfield>
  </datafield>
  <datafield tag="953" ind1=" " ind2=" ">
    <subfield code="a">xx00</subfield>
    <subfield code="b">ta30</subfield>
  </datafield>
</record>