
<record>
  <leader>00946cz  a2200205n  4500</leader>
  <controlfield tag="001">2388420</controlfield>
  <controlfield tag="003">DLC</controlfield>
  <controlfield tag="005">20200103073230.0</controlfield>
  <controlfield tag="008">810806n| azannaabn          |b ana      </controlfield>
  <datafield tag="010" ind1=" " ind2=" ">
    <subfield code="a">n  81084637 </subfield>
  </datafield>
  <datafield tag="035" ind1=" " ind2=" ">
    <subfield code="a">(OCoLC)oca00629879</subfield>
  </datafield>
  <datafield tag="040" ind1=" " ind2=" ">
    <subfield code="a">DLC</subfield>
    <subfield code="b">eng</subfield>
    <subfield code="e">rda</subfield>
    <subfield code="c">DLC</subfield>
    <subfield code="d">OCoLC</subfield>
    <subfield code="d">NNC</subfield>
  </datafield>
  <datafield tag="110" ind1="2" ind2=" ">
    <subfield code="a">Matsudo-shi Kyōiku Iinkai.</subfield>
    <subfield code="b">Shakai Kyōikuka</subfield>
  </datafield>
  <datafield tag="410" ind1="2" ind2=" ">
    <subfield code="a">Matsudo-shi Kyōiku Iinkai.</subfield>
    <subfield code="b">Shōgai Gakushūbu.</subfield>
    <subfield code="b">Shakai Kyōikuka</subfield>
  </datafield>
  <datafield tag="410" ind1="2" ind2=" ">
    <subfield code="a">Matsudo-shi Kyōiku Iinkai.</subfield>
    <subfield code="b">社会教育課</subfield>
  </datafield>
  <datafield tag="667" ind1=" " ind2=" ">
    <subfield code="a">Non-Latin script reference not evaluated</subfield>
  </datafield>
  <datafield tag="670" ind1=" " ind2=" ">
    <subfield code="a">Hataraku fujin to ... 1980 (a.e.)</subfield>
    <subfield code="b">colophon (Matsudo-shi Kyōiku Iinkai Shakai Kyōikuka)</subfield>
  </datafield>
  <datafield tag="670" ind1=" " ind2=" ">
    <subfield code="a">Shokuinroku, 1981</subfield>
    <subfield code="b">(Matsudo-shi Kyōiku Iinkai/Shakai Kyōikuka)</subfield>
  </datafield>
  <datafield tag="670" ind1=" " ind2=" ">
    <subfield code="a">Matsudo-shi Kyōiku Iinkai WWW home page:</subfield>
    <subfield code="b">Kyōiku Iinkai soshiki/kikōzu/kikōzu (教育委員会/生涯学習部/社会教育課 = Kyōiku Iinkai/Shōgai Gakushūbu/Shakai Kyōikuka)</subfield>
  </datafield>
  <datafield tag="953" ind1=" " ind2=" ">
    <subfield code="a">eg15</subfield>
  </datafield>
</record>