
<record>
  <leader>02370cz  a2200361n  4500</leader>
  <controlfield tag="001">2392903</controlfield>
  <controlfield tag="003">DLC</controlfield>
  <controlfield tag="005">20200103073230.0</controlfield>
  <controlfield tag="008">811113n| azannaabn          |a aaa      </controlfield>
  <datafield tag="010" ind1=" " ind2=" ">
    <subfield code="a">n  81130457 </subfield>
  </datafield>
  <datafield tag="035" ind1=" " ind2=" ">
    <subfield code="a">(OCoLC)oca00675344</subfield>
  </datafield>
  <datafield tag="040" ind1=" " ind2=" ">
    <subfield code="a">DLC</subfield>
    <subfield code="b">eng</subfield>
    <subfield code="e">rda</subfield>
    <subfield code="c">DLC</subfield>
    <subfield code="d">OClW-H</subfield>
    <subfield code="d">DNLM</subfield>
    <subfield code="d">ScU</subfield>
    <subfield code="d">DNLM</subfield>
  </datafield>
  <datafield tag="046" ind1=" " ind2=" ">
    <subfield code="f">1947-09-04</subfield>
    <subfield code="2">edtf</subfield>
  </datafield>
  <datafield tag="100" ind1="1" ind2=" ">
    <subfield code="a">Aitken, R. J.</subfield>
  </datafield>
  <datafield tag="370" ind1=" " ind2=" ">
    <subfield code="c">Australia</subfield>
    <subfield code="2">naf</subfield>
  </datafield>
  <datafield tag="371" ind1=" " ind2=" ">
    <subfield code="m">john.aitken@newcastle.edu.au</subfield>
  </datafield>
  <datafield tag="372" ind1=" " ind2=" ">
    <subfield code="a">Cytology</subfield>
    <subfield code="a">Biotechnology</subfield>
    <subfield code="a">Reproduction</subfield>
    <subfield code="2">lcsh</subfield>
  </datafield>
  <datafield tag="373" ind1=" " ind2=" ">
    <subfield code="a">University of Newcastle</subfield>
    <subfield code="a">University of Cambridge</subfield>
    <subfield code="a">University of London</subfield>
    <subfield code="a">University of Wales</subfield>
    <subfield code="2">naf</subfield>
  </datafield>
  <datafield tag="375" ind1=" " ind2=" ">
    <subfield code="a">male</subfield>
  </datafield>
  <datafield tag="377" ind1=" " ind2=" ">
    <subfield code="a">eng</subfield>
  </datafield>
  <datafield tag="378" ind1=" " ind2=" ">
    <subfield code="q">Robert John</subfield>
  </datafield>
  <datafield tag="400" ind1="1" ind2=" ">
    <subfield code="a">Aitken, John</subfield>
    <subfield code="q">(Robert John)</subfield>
  </datafield>
  <datafield tag="400" ind1="1" ind2=" ">
    <subfield code="a">Aitken, R. John</subfield>
    <subfield code="q">(Robert John)</subfield>
  </datafield>
  <datafield tag="400" ind1="1" ind2=" ">
    <subfield code="a">Aitken, Robert John</subfield>
  </datafield>
  <datafield tag="670" ind1=" " ind2=" ">
    <subfield code="a">Proteins and steroids in early pregnancy, 1981:</subfield>
    <subfield code="b">t.p. (R.J. Aitken) CIP galley (Med. Res. Council, Dept. of Reproductive Biol., Centre for Reproductive Biol., Edinburgh)</subfield>
  </datafield>
  <datafield tag="670" ind1=" " ind2=" ">
    <subfield code="a">Fertility control, c2010:</subfield>
    <subfield code="b">t.p. (R. John Aitken) verso t.p. (Univ. of Newcastle, ARC Centre of Excellence in Biotechnology &amp; Development, New South Wales, Australia)</subfield>
  </datafield>
  <datafield tag="670" ind1=" " ind2=" ">
    <subfield code="a">Email from author, June 4, 2012</subfield>
    <subfield code="b">(Robert John Aitken)</subfield>
  </datafield>
  <datafield tag="670" ind1=" " ind2=" ">
    <subfield code="a">The male role in pregnancy loss and embryo implantation failure, 2015:</subfield>
    <subfield code="b">page vii (Robert John Aitken)</subfield>
  </datafield>
  <datafield tag="670" ind1=" " ind2=" ">
    <subfield code="a">ResearchGate web site, June 22, 2016:</subfield>
    <subfield code="b">(Robert John Aitken, University of Newcastle, Newcastle ; Cell Biology, Molecular Biology, Biotechnology ; PhD, ScD, FAHMS, FRSN, FRSE, FAA)</subfield>
    <subfield code="u">https://www.researchgate.net/profile/Robert_Aitken</subfield>
  </datafield>
  <datafield tag="670" ind1=" " ind2=" ">
    <subfield code="a">University of Newcastle web site, June 22, 2016:</subfield>
    <subfield code="b">(Laureate Professor John Aitken, Pro Vice-Chancellor, Office of the PVC Health and Medicine (Biological Sciences), john.aitken@newcastle.edu.au ; Qualifications: Doctor of Science, University of Cambridge-UK; Bachelor of Science, University of London; PhD, University of Cambridge - UK; Master of Science, University of Wales ; My area of expertise is cell biology and biotechnology with particular emphasis on reproductive science.)</subfield>
    <subfield code="u">https://www.newcastle.edu.au/profile/john-aitken</subfield>
  </datafield>
  <datafield tag="670" ind1=" " ind2=" ">
    <subfield code="a">Male and sperm factors that maximize IVF success :</subfield>
    <subfield code="b">ECIP t.p. (John Aitken, University of Newcastle, New South Wales)</subfield>
  </datafield>
  <datafield tag="670" ind1=" " ind2=" ">
    <subfield code="a">Publisher&apos;s email, Jan. 2, 2020</subfield>
    <subfield code="b">(John Aitken&apos;s DOB is 4 Sept. 1947)</subfield>
  </datafield>
  <datafield tag="953" ind1=" " ind2=" ">
    <subfield code="a">bt13</subfield>
  </datafield>
</record>