
<record>
  <leader>01160cz  a2200229n  4500</leader>
  <controlfield tag="001">2418627</controlfield>
  <controlfield tag="003">DLC</controlfield>
  <controlfield tag="005">20200103073234.0</controlfield>
  <controlfield tag="008">821213n| azannaabn          |a ana      </controlfield>
  <datafield tag="010" ind1=" " ind2=" ">
    <subfield code="a">n  83024997 </subfield>
  </datafield>
  <datafield tag="035" ind1=" " ind2=" ">
    <subfield code="a">(OCoLC)oca00916945</subfield>
  </datafield>
  <datafield tag="040" ind1=" " ind2=" ">
    <subfield code="a">DLC</subfield>
    <subfield code="b">eng</subfield>
    <subfield code="e">rda</subfield>
    <subfield code="c">DLC</subfield>
    <subfield code="d">OCoLC</subfield>
    <subfield code="d">KyU</subfield>
  </datafield>
  <datafield tag="046" ind1=" " ind2=" ">
    <subfield code="s">1980</subfield>
    <subfield code="2">edtf</subfield>
  </datafield>
  <datafield tag="110" ind1="2" ind2=" ">
    <subfield code="a">American Saddlebred Horse Association</subfield>
  </datafield>
  <datafield tag="368" ind1=" " ind2=" ">
    <subfield code="a">Horse breeders -- Societies, etc.</subfield>
    <subfield code="2">lcsh</subfield>
  </datafield>
  <datafield tag="370" ind1=" " ind2=" ">
    <subfield code="c">United States</subfield>
    <subfield code="e">Louisville (Ky.)</subfield>
    <subfield code="e">Lexington (Ky.)</subfield>
    <subfield code="2">naf</subfield>
  </datafield>
  <datafield tag="377" ind1=" " ind2=" ">
    <subfield code="a">eng</subfield>
  </datafield>
  <datafield tag="510" ind1="2" ind2=" ">
    <subfield code="w">a</subfield>
    <subfield code="a">American Saddle-Horse Breeders Association</subfield>
  </datafield>
  <datafield tag="670" ind1=" " ind2=" ">
    <subfield code="a">The Register of the American ... Vol. 62, 1982:</subfield>
    <subfield code="b">t.p. (American Saddlebred Horse Association, incorporated)</subfield>
  </datafield>
  <datafield tag="675" ind1=" " ind2=" ">
    <subfield code="a">Existing LC heading: (American Saddle-Horse Breeders Association)</subfield>
  </datafield>
  <datafield tag="670" ind1=" " ind2=" ">
    <subfield code="a">Kentucky encyclopedia, ©1992:</subfield>
    <subfield code="b">page 19 (Founded in Louisville, Kentucky in 1891, requiring registered horses to be able to perform five distinct gates or be traceable to recognized bloodlines.  Name changed in 1980 to American Saddlebred Horse Association.  In 1985 moved its headquarters to the American Saddle Horse Museium at the Kentucky Horse Park in Lexington, Ky.)</subfield>
  </datafield>
  <datafield tag="953" ind1=" " ind2=" ">
    <subfield code="a">da25</subfield>
  </datafield>
</record>