
<record>
  <leader>01560cz  a2200313n  4500</leader>
  <controlfield tag="001">2440878</controlfield>
  <controlfield tag="003">DLC</controlfield>
  <controlfield tag="005">20200103073305.0</controlfield>
  <controlfield tag="008">840330n| azannaabn          |a aaa      </controlfield>
  <datafield tag="010" ind1=" " ind2=" ">
    <subfield code="a">n  84087927 </subfield>
    <subfield code="z">nr 96020052 </subfield>
  </datafield>
  <datafield tag="035" ind1=" " ind2=" ">
    <subfield code="a">(OCoLC)oca01089087</subfield>
  </datafield>
  <datafield tag="040" ind1=" " ind2=" ">
    <subfield code="a">DLC</subfield>
    <subfield code="b">eng</subfield>
    <subfield code="e">rda</subfield>
    <subfield code="c">DLC</subfield>
    <subfield code="d">DLC</subfield>
    <subfield code="d">OCoLC</subfield>
    <subfield code="d">DLC</subfield>
    <subfield code="d">GVaS</subfield>
  </datafield>
  <datafield tag="046" ind1=" " ind2=" ">
    <subfield code="f">1954-11-17</subfield>
    <subfield code="2">edtf</subfield>
  </datafield>
  <datafield tag="100" ind1="1" ind2=" ">
    <subfield code="a">Schimmel, Paul</subfield>
  </datafield>
  <datafield tag="370" ind1=" " ind2=" ">
    <subfield code="c">United States</subfield>
    <subfield code="e">New York (N.Y.)</subfield>
    <subfield code="f">Los Angeles (Calif.)</subfield>
    <subfield code="2">naf</subfield>
  </datafield>
  <datafield tag="372" ind1=" " ind2=" ">
    <subfield code="a">Art museums--Curatorship</subfield>
    <subfield code="2">lcsh</subfield>
  </datafield>
  <datafield tag="373" ind1=" " ind2=" ">
    <subfield code="a">Galerie Hauser &amp; Wirth</subfield>
    <subfield code="2">naf</subfield>
  </datafield>
  <datafield tag="373" ind1=" " ind2=" ">
    <subfield code="a">Museum of Contemporary Art (Los Angeles, Calif.)</subfield>
    <subfield code="2">naf</subfield>
  </datafield>
  <datafield tag="373" ind1=" " ind2=" ">
    <subfield code="a">Newport Harbor Art Museum</subfield>
    <subfield code="2">naf</subfield>
  </datafield>
  <datafield tag="374" ind1=" " ind2=" ">
    <subfield code="a">Art museum curators</subfield>
    <subfield code="2">lcsh</subfield>
  </datafield>
  <datafield tag="375" ind1=" " ind2=" ">
    <subfield code="a">Males</subfield>
    <subfield code="2">lcdgt</subfield>
  </datafield>
  <datafield tag="377" ind1=" " ind2=" ">
    <subfield code="a">eng</subfield>
  </datafield>
  <datafield tag="510" ind1="2" ind2=" ">
    <subfield code="w">r</subfield>
    <subfield code="i">Employer:</subfield>
    <subfield code="a">Galerie Hauser &amp; Wirth</subfield>
  </datafield>
  <datafield tag="670" ind1=" " ind2=" ">
    <subfield code="a">Remington, D. Deborah Remington, a 20-year survey, c1983:</subfield>
    <subfield code="b">t.p. (Paul Schimmel, Newport Harbor Museum)</subfield>
  </datafield>
  <datafield tag="670" ind1=" " ind2=" ">
    <subfield code="a">The Interpretive link, 1986:</subfield>
    <subfield code="b">CIP t.p. (Paul Schimmel) data sheet (Schimmel, Paul Gordon; b. 11/17/54)</subfield>
  </datafield>
  <datafield tag="670" ind1=" " ind2=" ">
    <subfield code="a">Photoworks, when pictures vanish, 1995:</subfield>
    <subfield code="b">p. 33 (Paul Schimmel, chief curator, Museum of Contemporary Art, Los Angeles)</subfield>
  </datafield>
  <datafield tag="670" ind1=" " ind2=" ">
    <subfield code="a">Revolution in the making, 2016:</subfield>
    <subfield code="b">title page (Organized and edited by Paul Schimmel)</subfield>
  </datafield>
  <datafield tag="670" ind1=" " ind2=" ">
    <subfield code="a">Toronto Public Library website, viewed December 6, 2019</subfield>
    <subfield code="b">(Paul Schimmel is curator and vice president at Hauser &amp; Wirth. He is the former chief curator of the Museum of Contemporary Art, Los Angeles)</subfield>
    <subfield code="u">https://www.torontopubliclibrary.ca/detail.jsp?Entt=RDM3484844&amp;R=3484844</subfield>
  </datafield>
  <datafield tag="953" ind1=" " ind2=" ">
    <subfield code="a">ba10</subfield>
    <subfield code="b">ea11</subfield>
  </datafield>
</record>