
<record>
  <leader>02518cz  a2200313n  4500</leader>
  <controlfield tag="001">2462052</controlfield>
  <controlfield tag="003">DLC</controlfield>
  <controlfield tag="005">20200103073211.0</controlfield>
  <controlfield tag="008">850605n| azannaabn          |a aaa      </controlfield>
  <datafield tag="010" ind1=" " ind2=" ">
    <subfield code="a">n  85077157 </subfield>
  </datafield>
  <datafield tag="035" ind1=" " ind2=" ">
    <subfield code="a">(OCoLC)oca01382166</subfield>
  </datafield>
  <datafield tag="040" ind1=" " ind2=" ">
    <subfield code="a">DLC</subfield>
    <subfield code="b">eng</subfield>
    <subfield code="e">rda</subfield>
    <subfield code="c">DLC</subfield>
    <subfield code="d">DLC</subfield>
    <subfield code="d">PPi-MA</subfield>
  </datafield>
  <datafield tag="046" ind1=" " ind2=" ">
    <subfield code="f">1906-03-07</subfield>
    <subfield code="g">1984-12-16</subfield>
    <subfield code="2">edtf</subfield>
  </datafield>
  <datafield tag="100" ind1="1" ind2=" ">
    <subfield code="a">Mabley, Edward,</subfield>
    <subfield code="d">1906-1984</subfield>
  </datafield>
  <datafield tag="370" ind1=" " ind2=" ">
    <subfield code="a">Binghamton (N.Y.)</subfield>
    <subfield code="b">Manhattan (New York, N.Y.)</subfield>
    <subfield code="f">New York (N.Y.)</subfield>
    <subfield code="f">Detroit (Mich.)</subfield>
    <subfield code="f">Cleveland (Ohio)</subfield>
    <subfield code="f">Pomona (N.Y.)</subfield>
    <subfield code="2">naf</subfield>
  </datafield>
  <datafield tag="373" ind1=" " ind2=" ">
    <subfield code="a">Columbia Broadcasting System, Inc.</subfield>
    <subfield code="2">naf</subfield>
    <subfield code="s">1952</subfield>
    <subfield code="t">1969</subfield>
  </datafield>
  <datafield tag="373" ind1=" " ind2=" ">
    <subfield code="a">New School for Social Research (New York, N.Y. : 1919-1997)</subfield>
    <subfield code="2">naf</subfield>
  </datafield>
  <datafield tag="374" ind1=" " ind2=" ">
    <subfield code="a">Screenwriters</subfield>
    <subfield code="a">Television producers and directors</subfield>
    <subfield code="a">Dramatists</subfield>
    <subfield code="a">Language arts teachers</subfield>
    <subfield code="a">College teachers</subfield>
    <subfield code="2">lcsh</subfield>
  </datafield>
  <datafield tag="375" ind1=" " ind2=" ">
    <subfield code="a">Males</subfield>
    <subfield code="2">lcdgt</subfield>
  </datafield>
  <datafield tag="377" ind1=" " ind2=" ">
    <subfield code="a">eng</subfield>
  </datafield>
  <datafield tag="378" ind1=" " ind2=" ">
    <subfield code="q">Edward Howe</subfield>
  </datafield>
  <datafield tag="400" ind1="1" ind2=" ">
    <subfield code="w">nnaa</subfield>
    <subfield code="a">Mabley, Edward Howe,</subfield>
    <subfield code="d">1906-</subfield>
  </datafield>
  <datafield tag="670" ind1=" " ind2=" ">
    <subfield code="a">Offenbach, J. Mr. Choufleuri restera chez lui le--, c1984:</subfield>
    <subfield code="b">t.p. (English version by Edward Mabley)</subfield>
  </datafield>
  <datafield tag="670" ind1=" " ind2=" ">
    <subfield code="a">LC manual cat.</subfield>
    <subfield code="b">(hdg.: Mabley, Edward Howe, 1906-)</subfield>
  </datafield>
  <datafield tag="670" ind1=" " ind2=" ">
    <subfield code="a">Howard, D. The tools of screenwriting, 1993:</subfield>
    <subfield code="b">CIP t.p. (Edward Mabley) galley (screenwriter and director, now deceased)</subfield>
  </datafield>
  <datafield tag="670" ind1=" " ind2=" ">
    <subfield code="a">New York times WWW site, January 2, 2020:</subfield>
    <subfield code="b">obituary published December 19, 1984 (Edward Mabley, 78, playwright and a former director for CBS-TV, died Sunday [December 16] at Beth Israel Hospital, Manhattan; native of Binghamton, New York)</subfield>
  </datafield>
  <datafield tag="670" ind1=" " ind2=" ">
    <subfield code="a">Social Security death index, January 2, 2020</subfield>
    <subfield code="b">(Edward Mabley; born March 7, 1906, died December 1984; state of issue: Ohio; last known residence: Manhattan, New York)</subfield>
  </datafield>
  <datafield tag="670" ind1=" " ind2=" ">
    <subfield code="a">Contemporary authors online, January 2, 2020</subfield>
    <subfield code="b">(Edward Howe Mabley; born March 7, 1906, Binghamton, New York, died December 16, 1984, New York, New York; worked in various theatrical enterprises in Detroit, Michigan, and Cleveland, Ohio, 1923-1937; research writer for industrial designer Walter Dorwin Teague, New York City, 1937-1942; U.S. Navy civilian employee, New York City, 1944-1945; freelance writer and director, New York City, 1945-1952; instructor in playwriting under John Gassner at Dramatic Workshop, New School for Social Research, New York City, 1946-1949; television director for Columbia Broadcasting System, Inc., 1952-1969, and National Broadcasting Company, Inc., 1969; playwriting instructor at New School for Social Research, 1960-1984; village of Pomona, NY, trustee and deputy mayor, 1967-1971, mayor, 1971-1973)</subfield>
  </datafield>
  <datafield tag="953" ind1=" " ind2=" ">
    <subfield code="a">vk04</subfield>
    <subfield code="b">jh26</subfield>
  </datafield>
</record>