
<record>
  <leader>02154cz  a2200289n  4500</leader>
  <controlfield tag="001">2469604</controlfield>
  <controlfield tag="003">DLC</controlfield>
  <controlfield tag="005">20200103073213.0</controlfield>
  <controlfield tag="008">851010n| azannaabn          |a aaa      </controlfield>
  <datafield tag="010" ind1=" " ind2=" ">
    <subfield code="a">n  85174777 </subfield>
  </datafield>
  <datafield tag="035" ind1=" " ind2=" ">
    <subfield code="a">(OCoLC)oca01416706</subfield>
  </datafield>
  <datafield tag="040" ind1=" " ind2=" ">
    <subfield code="a">DLC</subfield>
    <subfield code="b">eng</subfield>
    <subfield code="e">rda</subfield>
    <subfield code="c">DLC</subfield>
    <subfield code="d">DLC</subfield>
    <subfield code="d">OU</subfield>
  </datafield>
  <datafield tag="046" ind1=" " ind2=" ">
    <subfield code="f">1909-02-23</subfield>
    <subfield code="g">1994-07-09</subfield>
    <subfield code="2">edtf</subfield>
  </datafield>
  <datafield tag="100" ind1="1" ind2=" ">
    <subfield code="a">Michael, Wolfgang F.</subfield>
    <subfield code="q">(Wolfgang Friedrich),</subfield>
    <subfield code="d">1909-1994</subfield>
  </datafield>
  <datafield tag="370" ind1=" " ind2=" ">
    <subfield code="a">Freiburg im Breisgau (Germany)</subfield>
    <subfield code="b">Austin (Tex.)</subfield>
    <subfield code="2">naf</subfield>
  </datafield>
  <datafield tag="374" ind1=" " ind2=" ">
    <subfield code="a">Germanists</subfield>
    <subfield code="a">College teachers</subfield>
    <subfield code="2">lcsh</subfield>
  </datafield>
  <datafield tag="375" ind1=" " ind2=" ">
    <subfield code="a">Males</subfield>
    <subfield code="2">lcdgt</subfield>
  </datafield>
  <datafield tag="378" ind1=" " ind2=" ">
    <subfield code="q">Wolfgang Friedrich</subfield>
  </datafield>
  <datafield tag="400" ind1="1" ind2=" ">
    <subfield code="a">Michael, Wolfgang,</subfield>
    <subfield code="d">1909-1994</subfield>
  </datafield>
  <datafield tag="400" ind1="1" ind2=" ">
    <subfield code="w">nnaa</subfield>
    <subfield code="a">Michael, Wolfgang Friedrich,</subfield>
    <subfield code="d">1909-</subfield>
  </datafield>
  <datafield tag="400" ind1="1" ind2=" ">
    <subfield code="a">Michael, Wolfgang Friedrich,</subfield>
    <subfield code="d">1909-1994</subfield>
  </datafield>
  <datafield tag="670" ind1=" " ind2=" ">
    <subfield code="a">His Das deutsche Drama der Reformationszeit, c1984:</subfield>
    <subfield code="b">t.p. (Wolfgang F. Michael) cover p. 4 (Prof. f. deut. Sprache u. Lit. an d. Univ. of Texas, Austin)</subfield>
  </datafield>
  <datafield tag="670" ind1=" " ind2=" ">
    <subfield code="a">LC data base, 10-4-85</subfield>
    <subfield code="b">(hdg.: Michael, Wolfgang Friedrich, 1909-; usage: Wolfgang F. Michael)</subfield>
  </datafield>
  <datafield tag="670" ind1=" " ind2=" ">
    <subfield code="a">His Thomas Mann auf dem Weg zur Politik, c1985:</subfield>
    <subfield code="b">t.p. (Wolfgang Michael) verso t.p., etc. (Wolfgang F. Michael; Prof. in Austin, Texas)</subfield>
  </datafield>
  <datafield tag="670" ind1=" " ind2=" ">
    <subfield code="a">National Library of Lithuania via VIAF, Jan. 2, 2020</subfield>
    <subfield code="b">(preferred: Michael, Wolfgang F. 1909-1994; variant: Michael, Wolfgang F.; country: Germany, United States; gender: Males; lang. code: deu; biographical/historical: 1909 02 23-1994 07 09)</subfield>
    <subfield code="u">http://www.viaf.org/processed/LIH%7CLNB:C_f_MT;=B_g_</subfield>
  </datafield>
  <datafield tag="670" ind1=" " ind2=" ">
    <subfield code="a">German National Library via VIAF, Jan. 2, 2020</subfield>
    <subfield code="b">(identifier: http://d-nb.info/gnd/119076918; GAC: XA-DE XD-US; other class #: 12.1p sswd; preferred: Michael, Wolfgang F. 1909-1994; variant: Michael, Wolfgang F.; Michael, Wolfgang; Michael, Wolfgang Friedrich; field of activity: Mann, Thomas, 1875-1955; related: Brunner, Thomas, 1535-1570, Sachs, Hans, 1494-1576, Sapidus, Johannes, 1490-1561, Freiburg im Breisgau, Grossbritannien, USA, Austin, Tex., Michael, Wolfgang 1862-1945, Michael, Franz H. 1907-1992, Michael, Else 1871-1952, Michael, Walther P. 1913-1985, Michael, Helene 1892-1972, Michael, Marian)</subfield>
    <subfield code="u">http://www.viaf.org/processed/DNB%7C119076918</subfield>
  </datafield>
  <datafield tag="953" ind1=" " ind2=" ">
    <subfield code="a">ec06</subfield>
    <subfield code="b">ec07</subfield>
  </datafield>
</record>