
<record>
  <leader>01275cz  a2200229n  4500</leader>
  <controlfield tag="001">2508723</controlfield>
  <controlfield tag="003">DLC</controlfield>
  <controlfield tag="005">20200103095302.0</controlfield>
  <controlfield tag="008">860721n| azannaabn          |a aaa      </controlfield>
  <datafield tag="010" ind1=" " ind2=" ">
    <subfield code="a">n  86841267 </subfield>
    <subfield code="z">n 2007044128</subfield>
  </datafield>
  <datafield tag="035" ind1=" " ind2=" ">
    <subfield code="a">(DLC)n  86841267</subfield>
  </datafield>
  <datafield tag="040" ind1=" " ind2=" ">
    <subfield code="a">DLC</subfield>
    <subfield code="b">eng</subfield>
    <subfield code="e">rda</subfield>
    <subfield code="c">DLC</subfield>
    <subfield code="d">DLC</subfield>
  </datafield>
  <datafield tag="100" ind1="1" ind2=" ">
    <subfield code="a">Sharp, Timothy W.,</subfield>
    <subfield code="d">1955-</subfield>
  </datafield>
  <datafield tag="374" ind1=" " ind2=" ">
    <subfield code="a">Choral conductors</subfield>
    <subfield code="2">lcsh</subfield>
  </datafield>
  <datafield tag="375" ind1=" " ind2=" ">
    <subfield code="a">Males</subfield>
    <subfield code="2">lcdgt</subfield>
  </datafield>
  <datafield tag="378" ind1=" " ind2=" ">
    <subfield code="q">Timothy Wayne</subfield>
  </datafield>
  <datafield tag="400" ind1="1" ind2=" ">
    <subfield code="a">Sharp, Tim,</subfield>
    <subfield code="d">1955-</subfield>
  </datafield>
  <datafield tag="670" ind1=" " ind2=" ">
    <subfield code="a">nuc86-67011: His Maria und Johannes [MI] 1982</subfield>
    <subfield code="b">(hdg. on CLU rept.: Sharp, Timothy W., 1955- ; usage: Timothy W. Sharp)</subfield>
  </datafield>
  <datafield tag="670" ind1=" " ind2=" ">
    <subfield code="a">Rhodes College website, June 21, 2007:</subfield>
    <subfield code="b">(Tim Sharp conducts the Rhodes Singers, MasterSingers; teaches Conducting and African American Music; chairs the Department of Music and is the College Dean of Fine Arts; author of: Precision Conducting; Achieving Choral Balance and Blend; Precision Conducting Anthology (Roger Dean); Memphis Music Before the Blues (Arcadia), etc.)</subfield>
  </datafield>
  <datafield tag="670" ind1=" " ind2=" ">
    <subfield code="a">ProQuest, Sept. 1, 2010</subfield>
    <subfield code="b">(Sharp, Timothy Wayne; Maria und Johannes; dissertation--Southern Baptist Theological Seminary, 1982)</subfield>
  </datafield>
  <datafield tag="670" ind1=" " ind2=" ">
    <subfield code="a">American Choral Directors Association WWW site, Sept. 1, 2010</subfield>
    <subfield code="b">(Tim Sharp, director; DMA, Southern Baptist Theological Seminary)</subfield>
  </datafield>
  <datafield tag="953" ind1=" " ind2=" ">
    <subfield code="a">nf03</subfield>
    <subfield code="b">vl31</subfield>
  </datafield>
</record>