
<record>
  <leader>01471cz  a2200325n  4500</leader>
  <controlfield tag="001">2547270</controlfield>
  <controlfield tag="003">DLC</controlfield>
  <controlfield tag="005">20200103073326.0</controlfield>
  <controlfield tag="008">890511n| azannaabn          |a aaa     c</controlfield>
  <datafield tag="010" ind1=" " ind2=" ">
    <subfield code="a">n  88240647 </subfield>
    <subfield code="z">n  93117779 </subfield>
  </datafield>
  <datafield tag="035" ind1=" " ind2=" ">
    <subfield code="a">(OCoLC)oca02522506</subfield>
  </datafield>
  <datafield tag="040" ind1=" " ind2=" ">
    <subfield code="a">IEN</subfield>
    <subfield code="b">eng</subfield>
    <subfield code="c">DLC</subfield>
    <subfield code="d">DLC</subfield>
    <subfield code="d">Uk</subfield>
    <subfield code="d">DLC</subfield>
    <subfield code="e">rda</subfield>
    <subfield code="d">CLU</subfield>
  </datafield>
  <datafield tag="100" ind1="1" ind2=" ">
    <subfield code="a">Mikaeli︠a︡n, V. A.</subfield>
    <subfield code="q">(Vardges Aleksandrovich)</subfield>
  </datafield>
  <datafield tag="375" ind1=" " ind2=" ">
    <subfield code="a">males</subfield>
    <subfield code="2">lcdgt</subfield>
  </datafield>
  <datafield tag="377" ind1=" " ind2=" ">
    <subfield code="a">arm</subfield>
  </datafield>
  <datafield tag="377" ind1=" " ind2=" ">
    <subfield code="a">rus</subfield>
  </datafield>
  <datafield tag="378" ind1=" " ind2=" ">
    <subfield code="q">Vardges Aleksandrovich</subfield>
  </datafield>
  <datafield tag="400" ind1="1" ind2=" ">
    <subfield code="a">Микаелян, В. А.</subfield>
    <subfield code="q">(Вардгес Александрович)</subfield>
  </datafield>
  <datafield tag="400" ind1="1" ind2=" ">
    <subfield code="a">Микаелян, Вардгес Александрович</subfield>
  </datafield>
  <datafield tag="400" ind1="1" ind2=" ">
    <subfield code="a">Mikaeli︠a︡n, Vardges Aleksandrovich</subfield>
  </datafield>
  <datafield tag="400" ind1="1" ind2=" ">
    <subfield code="a">Mikʻayelyan, Vardges</subfield>
  </datafield>
  <datafield tag="400" ind1="1" ind2=" ">
    <subfield code="a">Mikʻayelian, Vardges</subfield>
  </datafield>
  <datafield tag="400" ind1="1" ind2=" ">
    <subfield code="a">Mikʻayelian, Vartkes</subfield>
  </datafield>
  <datafield tag="400" ind1="1" ind2=" ">
    <subfield code="a">Mikʻayēlean, Vardges</subfield>
  </datafield>
  <datafield tag="400" ind1="1" ind2=" ">
    <subfield code="a">Mikaelyan, Wardges</subfield>
  </datafield>
  <datafield tag="670" ind1=" " ind2=" ">
    <subfield code="a">His Na Krymskoĭ zemle, 1974:</subfield>
    <subfield code="b">t.p. (V.A. Mikaeli︠a︡n) colophon (Vardges Aleksandrovich Mikaeli︠a︡n)</subfield>
  </datafield>
  <datafield tag="670" ind1=" " ind2=" ">
    <subfield code="a">Chto skrylo kaĭzerovskoe pravitelʹstvo ot nemet︠s︡kikh poddannykh, 1991:</subfield>
    <subfield code="b">t.p. (Vardges Mikaeli︠a︡n) p. 11 (doktor istoricheskikh nauk, professor)</subfield>
  </datafield>
  <datafield tag="670" ind1=" " ind2=" ">
    <subfield code="a">Armi︠a︡nskiĭ vopros i genot︠s︡id Armi︠a︡n v Turt︠s︡ii, 1995:</subfield>
    <subfield code="b">t.p. (Vardges Mikaeli︠a︡n) added t.p. (Vardges Mikʻayelyan)</subfield>
  </datafield>
  <datafield tag="670" ind1=" " ind2=" ">
    <subfield code="a">Armenische Frage und der Genozid an den Armeniern in der Türkei, 1913-1919, 2004:</subfield>
    <subfield code="b">t.p. (Wardges Mikaeljan)</subfield>
  </datafield>
  <datafield tag="953" ind1=" " ind2=" ">
    <subfield code="a">bz01</subfield>
    <subfield code="b">ys32</subfield>
  </datafield>
</record>