
<record>
  <leader>00891cz  a2200229n  4500</leader>
  <controlfield tag="001">2592980</controlfield>
  <controlfield tag="003">DLC</controlfield>
  <controlfield tag="005">20200103073150.0</controlfield>
  <controlfield tag="008">901019n| azannaabn          |a aaa      </controlfield>
  <datafield tag="010" ind1=" " ind2=" ">
    <subfield code="a">n  90706437 </subfield>
  </datafield>
  <datafield tag="035" ind1=" " ind2=" ">
    <subfield code="a">(OCoLC)oca02835935</subfield>
  </datafield>
  <datafield tag="040" ind1=" " ind2=" ">
    <subfield code="a">DLC</subfield>
    <subfield code="b">eng</subfield>
    <subfield code="e">rda</subfield>
    <subfield code="c">DLC</subfield>
    <subfield code="d">CU-I</subfield>
  </datafield>
  <datafield tag="046" ind1=" " ind2=" ">
    <subfield code="f">1937</subfield>
    <subfield code="2">edtf</subfield>
  </datafield>
  <datafield tag="100" ind1="0" ind2=" ">
    <subfield code="a">Mai Kim Ngọc</subfield>
  </datafield>
  <datafield tag="370" ind1=" " ind2=" ">
    <subfield code="a">Huế (Vietnam)</subfield>
    <subfield code="c">Vietnam</subfield>
    <subfield code="c">United States</subfield>
    <subfield code="e">California</subfield>
    <subfield code="2">naf</subfield>
  </datafield>
  <datafield tag="374" ind1=" " ind2=" ">
    <subfield code="a">Physicians</subfield>
    <subfield code="a">Novelists</subfield>
    <subfield code="a">Essayists</subfield>
    <subfield code="a">Translators</subfield>
    <subfield code="2">lcsh</subfield>
  </datafield>
  <datafield tag="375" ind1=" " ind2=" ">
    <subfield code="a">males</subfield>
    <subfield code="2">lcdgt</subfield>
  </datafield>
  <datafield tag="377" ind1=" " ind2=" ">
    <subfield code="a">vie</subfield>
  </datafield>
  <datafield tag="400" ind1="1" ind2=" ">
    <subfield code="a">Vũ, Đình Minh</subfield>
  </datafield>
  <datafield tag="670" ind1=" " ind2=" ">
    <subfield code="a">Her Muôn kié̂p cô liêu, 1988-:</subfield>
    <subfield code="b">v. 1, t.p. (Mai Kim Mgọc)</subfield>
  </datafield>
  <datafield tag="670" ind1=" " ind2=" ">
    <subfield code="a">vietnamlit.org, viewed Jan. 2, 2020:</subfield>
    <subfield code="b">(Mai Kim Ngọc (1937); real name: Vũ Đình Minh; b. in Huế; lives in California; physician, fiction writer, essayist, translator)</subfield>
    <subfield code="u">https://vietnamlit.org/wiki/index.php?title=Mai_Kim_Ngoc</subfield>
  </datafield>
  <datafield tag="953" ind1=" " ind2=" ">
    <subfield code="a">bg06</subfield>
  </datafield>
</record>