
<record>
  <leader>01448cz  a2200313n  4500</leader>
  <controlfield tag="001">2674686</controlfield>
  <controlfield tag="003">DLC</controlfield>
  <controlfield tag="005">20200103073316.0</controlfield>
  <controlfield tag="008">950123n| azannaabn          |a aaa      </controlfield>
  <datafield tag="010" ind1=" " ind2=" ">
    <subfield code="a">n  95006697 </subfield>
  </datafield>
  <datafield tag="035" ind1=" " ind2=" ">
    <subfield code="a">(OCoLC)oca03758355</subfield>
  </datafield>
  <datafield tag="040" ind1=" " ind2=" ">
    <subfield code="a">DLC</subfield>
    <subfield code="b">eng</subfield>
    <subfield code="e">rda</subfield>
    <subfield code="c">DLC</subfield>
    <subfield code="d">DLC</subfield>
    <subfield code="d">MoSR</subfield>
    <subfield code="d">GVaS</subfield>
  </datafield>
  <datafield tag="046" ind1=" " ind2=" ">
    <subfield code="f">1954</subfield>
    <subfield code="2">edtf</subfield>
  </datafield>
  <datafield tag="100" ind1="1" ind2=" ">
    <subfield code="a">Frankel, David,</subfield>
    <subfield code="d">1954-</subfield>
  </datafield>
  <datafield tag="368" ind1=" " ind2=" ">
    <subfield code="c">Editors</subfield>
    <subfield code="2">lcsh</subfield>
  </datafield>
  <datafield tag="370" ind1=" " ind2=" ">
    <subfield code="c">United States</subfield>
    <subfield code="c">Great Britain</subfield>
    <subfield code="f">New York (N.Y.)</subfield>
    <subfield code="2">naf</subfield>
  </datafield>
  <datafield tag="372" ind1=" " ind2=" ">
    <subfield code="a">Publishers and publishing</subfield>
    <subfield code="a">Editing</subfield>
    <subfield code="2">lcsh</subfield>
  </datafield>
  <datafield tag="373" ind1=" " ind2=" ">
    <subfield code="a">Museum of Modern Art (New York, N.Y.)</subfield>
    <subfield code="2">naf</subfield>
    <subfield code="s">1995</subfield>
    <subfield code="t">2016</subfield>
  </datafield>
  <datafield tag="373" ind1=" " ind2=" ">
    <subfield code="a">University of Cambridge</subfield>
    <subfield code="2">naf</subfield>
    <subfield code="s">1972</subfield>
    <subfield code="t">1975</subfield>
  </datafield>
  <datafield tag="374" ind1=" " ind2=" ">
    <subfield code="a">Editors</subfield>
    <subfield code="2">lcsh</subfield>
  </datafield>
  <datafield tag="375" ind1=" " ind2=" ">
    <subfield code="a">Males</subfield>
    <subfield code="2">lcdgt</subfield>
  </datafield>
  <datafield tag="377" ind1=" " ind2=" ">
    <subfield code="a">eng</subfield>
  </datafield>
  <datafield tag="510" ind1="2" ind2=" ">
    <subfield code="w">r</subfield>
    <subfield code="i">Employer:</subfield>
    <subfield code="a">Museum of Modern Art (New York, N.Y.)</subfield>
  </datafield>
  <datafield tag="667" ind1=" " ind2=" ">
    <subfield code="a">Cannot identify with: David Frankel (n88-609329), author on archaeological subject</subfield>
  </datafield>
  <datafield tag="670" ind1=" " ind2=" ">
    <subfield code="a">Masterpieces, c1995:</subfield>
    <subfield code="b">CIP t.p. (David Frankel)</subfield>
  </datafield>
  <datafield tag="670" ind1=" " ind2=" ">
    <subfield code="a">Phone call to pub., 01-23-95</subfield>
    <subfield code="b">(Frankel David; b. 1954)</subfield>
  </datafield>
  <datafield tag="670" ind1=" " ind2=" ">
    <subfield code="a">The complete untitled film stills, 2003:</subfield>
    <subfield code="b">colophon (edited by David Frankel)</subfield>
  </datafield>
  <datafield tag="670" ind1=" " ind2=" ">
    <subfield code="a">LinkedIn website, viewed December 11, 2019</subfield>
    <subfield code="b">(David Frankel is retired editorial director at the Museum of Modern Art, New York (1995-2016). Before that, he was senior editor at Artforum (1985-1995).  He has an M.A. Cantab in English (1972-1975) from the University of Cambridge)</subfield>
    <subfield code="u">https://www.linkedin.com/in/david-frankel-01811a8</subfield>
  </datafield>
  <datafield tag="953" ind1=" " ind2=" ">
    <subfield code="a">jk05</subfield>
  </datafield>
</record>