
<record>
  <leader>00599cz  a2200169n  4500</leader>
  <controlfield tag="001">2693251</controlfield>
  <controlfield tag="003">DLC</controlfield>
  <controlfield tag="005">20200103113459.0</controlfield>
  <controlfield tag="008">951121n| azannaabn          |a aaa      </controlfield>
  <datafield tag="010" ind1=" " ind2=" ">
    <subfield code="a">n  95112457 </subfield>
  </datafield>
  <datafield tag="035" ind1=" " ind2=" ">
    <subfield code="a">(OCoLC)oca03961146</subfield>
  </datafield>
  <datafield tag="040" ind1=" " ind2=" ">
    <subfield code="a">DLC</subfield>
    <subfield code="b">eng</subfield>
    <subfield code="e">rda</subfield>
    <subfield code="c">DLC</subfield>
    <subfield code="d">HU</subfield>
    <subfield code="d">DLC</subfield>
  </datafield>
  <datafield tag="046" ind1=" " ind2=" ">
    <subfield code="f">1956</subfield>
  </datafield>
  <datafield tag="100" ind1="1" ind2=" ">
    <subfield code="a">Bhawuk, Dharm P. S.</subfield>
  </datafield>
  <datafield tag="400" ind1="1" ind2=" ">
    <subfield code="a">Bhawuk, D. P. S.</subfield>
    <subfield code="q">(Dharm P. S.)</subfield>
  </datafield>
  <datafield tag="670" ind1=" " ind2=" ">
    <subfield code="a">Asian contributions to cross-cultural psychology, 1996:</subfield>
    <subfield code="b">CIP t.p. (Dharm P.S. Bhawuk) data sheet (b. 10/3/1956)</subfield>
  </datafield>
  <datafield tag="670" ind1=" " ind2=" ">
    <subfield code="a">Measurement of cross-cultural sensitivity developed by living abroad, 1989:</subfield>
    <subfield code="b">t.p. (D.P.S. Bhawuk)</subfield>
  </datafield>
</record>