
<record>
  <leader>00961cz  a2200217n  4500</leader>
  <controlfield tag="001">2721891</controlfield>
  <controlfield tag="003">DLC</controlfield>
  <controlfield tag="005">20200103144813.0</controlfield>
  <controlfield tag="008">970210n| azannaabn          |b aaa      </controlfield>
  <datafield tag="010" ind1=" " ind2=" ">
    <subfield code="a">n  97014237 </subfield>
    <subfield code="z">no 95051431 </subfield>
  </datafield>
  <datafield tag="035" ind1=" " ind2=" ">
    <subfield code="a">(OCoLC)oca04268068</subfield>
  </datafield>
  <datafield tag="040" ind1=" " ind2=" ">
    <subfield code="a">DLC</subfield>
    <subfield code="b">eng</subfield>
    <subfield code="c">DLC</subfield>
    <subfield code="d">OCoLC</subfield>
    <subfield code="e">rda</subfield>
    <subfield code="d">DLC</subfield>
  </datafield>
  <datafield tag="100" ind1="1" ind2=" ">
    <subfield code="a">Naʻīm, Nūrah ʻAbd Allāh al-ʻAlī</subfield>
  </datafield>
  <datafield tag="400" ind1="1" ind2=" ">
    <subfield code="a">Nuʻayyim, Nūrah ʻAbd Allāh al-ʻAlī</subfield>
  </datafield>
  <datafield tag="400" ind1="1" ind2=" ">
    <subfield code="a">نعيم، نورة عبد الله العلي</subfield>
  </datafield>
  <datafield tag="400" ind1="1" ind2=" ">
    <subfield code="a">Nuʻaym, Nūrah ʻAbd Allāh al-ʻAlī</subfield>
  </datafield>
  <datafield tag="667" ind1=" " ind2=" ">
    <subfield code="a">Machine-derived non-Latin script reference project.</subfield>
  </datafield>
  <datafield tag="667" ind1=" " ind2=" ">
    <subfield code="a">Non-Latin script reference not evaluated.</subfield>
  </datafield>
  <datafield tag="670" ind1=" " ind2=" ">
    <subfield code="a">al-Waḍʻ al-iqtiṣādī fī al-Jazīrah al-ʻArabīyah ... 1992:</subfield>
    <subfield code="b">t.p. (Nūrah ʻAbd Allāh al-ʻAlī al-Naʻīm) p. 10 (Saudi researcher)</subfield>
  </datafield>
  <datafield tag="670" ind1=" " ind2=" ">
    <subfield code="a">al-Waḍʻ al-iqtiṣādī fī al-Jazīrah al-ʻArabīyah, 1992:</subfield>
    <subfield code="b">t.p. (Nūrah ʻAbd Allāh al-ʻAlī al-Nuʻaym)</subfield>
  </datafield>
  <datafield tag="953" ind1=" " ind2=" ">
    <subfield code="a">yh97</subfield>
  </datafield>
</record>