
<record>
  <leader>01940cz  a2200289n  4500</leader>
  <controlfield tag="001">2740048</controlfield>
  <controlfield tag="003">DLC</controlfield>
  <controlfield tag="005">20200103073311.0</controlfield>
  <controlfield tag="008">970930n| azannaabn          |a aaa      </controlfield>
  <datafield tag="010" ind1=" " ind2=" ">
    <subfield code="a">n  97099347 </subfield>
  </datafield>
  <datafield tag="035" ind1=" " ind2=" ">
    <subfield code="a">(OCoLC)oca04462937</subfield>
  </datafield>
  <datafield tag="040" ind1=" " ind2=" ">
    <subfield code="a">DLC</subfield>
    <subfield code="b">eng</subfield>
    <subfield code="e">rda</subfield>
    <subfield code="c">DLC</subfield>
    <subfield code="d">Uk</subfield>
    <subfield code="d">GVaS</subfield>
  </datafield>
  <datafield tag="100" ind1="1" ind2=" ">
    <subfield code="a">Cherix, Christophe</subfield>
  </datafield>
  <datafield tag="370" ind1=" " ind2=" ">
    <subfield code="c">Switzerland</subfield>
    <subfield code="c">United States</subfield>
    <subfield code="e">New York (N.Y.)</subfield>
    <subfield code="2">naf</subfield>
  </datafield>
  <datafield tag="372" ind1=" " ind2=" ">
    <subfield code="a">Art museums--Curatorship</subfield>
    <subfield code="a">Art, Modern</subfield>
    <subfield code="2">lcsh</subfield>
  </datafield>
  <datafield tag="373" ind1=" " ind2=" ">
    <subfield code="a">Museum of Modern Art (New York, N.Y.)</subfield>
    <subfield code="2">naf</subfield>
    <subfield code="s">2007</subfield>
  </datafield>
  <datafield tag="373" ind1=" " ind2=" ">
    <subfield code="a">Los Angeles County Museum of Art</subfield>
    <subfield code="2">naf</subfield>
  </datafield>
  <datafield tag="373" ind1=" " ind2=" ">
    <subfield code="a">Geneva (Switzerland). Musée d&apos;art et d&apos;histoire. Cabinet des estampes</subfield>
    <subfield code="2">naf</subfield>
  </datafield>
  <datafield tag="373" ind1=" " ind2=" ">
    <subfield code="a">Université de Genève</subfield>
    <subfield code="2">naf</subfield>
  </datafield>
  <datafield tag="374" ind1=" " ind2=" ">
    <subfield code="a">Art museum curators</subfield>
    <subfield code="2">lcsh</subfield>
  </datafield>
  <datafield tag="375" ind1=" " ind2=" ">
    <subfield code="a">Males</subfield>
    <subfield code="2">lcdgt</subfield>
  </datafield>
  <datafield tag="377" ind1=" " ind2=" ">
    <subfield code="a">eng</subfield>
  </datafield>
  <datafield tag="510" ind1="2" ind2=" ">
    <subfield code="w">r</subfield>
    <subfield code="i">Employer:</subfield>
    <subfield code="a">Museum of Modern Art (New York, N.Y.)</subfield>
  </datafield>
  <datafield tag="670" ind1=" " ind2=" ">
    <subfield code="a">Jean Duvet, 1996:</subfield>
    <subfield code="b">t.p. (Christophe Cherix)</subfield>
  </datafield>
  <datafield tag="670" ind1=" " ind2=" ">
    <subfield code="a">Marcel Broodthaers, 2016:</subfield>
    <subfield code="b">title page (Christophe Cherix)</subfield>
  </datafield>
  <datafield tag="670" ind1=" " ind2=" ">
    <subfield code="a">MoMA website, viewed December 9, 2019</subfield>
    <subfield code="b">(Christophe Cherix  was appointed The Robert Lehman Foundation Chief Curator of Drawings and Prints at The Museum of Modern Art in 2013. His appointment followed a reorganization that merged the Department of Prints and Illustrated Books, of which Mr. Cherix had been Chief Curator since 2010, with the Department of Drawings. He joined the Museum&apos;s curatorial staff in July 2007, after serving as curator of the Cabinet des Estampes at the Musée d&apos;art et d&apos;histoire in Geneva. His specialty is modern and contemporary art, with a particular focus on the art of the 1960s and 1970s. Cherix was born in Switzerland and received a License ès lettres from the University of Geneva. He was a Fellow of the Class of 2010 at the Center for Curatorial Leadership in New York, which included a residency at the Los Angeles County Museum of Art)</subfield>
    <subfield code="u">https://www.moma.org/about/senior-staff/christophe-cherix</subfield>
  </datafield>
  <datafield tag="953" ind1=" " ind2=" ">
    <subfield code="a">jh16</subfield>
  </datafield>
</record>