
<record>
  <leader>01001cz  a2200217n  4500</leader>
  <controlfield tag="001">2740278</controlfield>
  <controlfield tag="003">DLC</controlfield>
  <controlfield tag="005">20200103133748.0</controlfield>
  <controlfield tag="008">971007n| azannaabn          |a aaa      </controlfield>
  <datafield tag="010" ind1=" " ind2=" ">
    <subfield code="a">n  97101937 </subfield>
  </datafield>
  <datafield tag="035" ind1=" " ind2=" ">
    <subfield code="a">(OCoLC)oca04467994</subfield>
  </datafield>
  <datafield tag="040" ind1=" " ind2=" ">
    <subfield code="a">DLC</subfield>
    <subfield code="b">eng</subfield>
    <subfield code="e">rda</subfield>
    <subfield code="c">DLC</subfield>
    <subfield code="d">DLC</subfield>
    <subfield code="d">OCoLC</subfield>
    <subfield code="d">DLC</subfield>
  </datafield>
  <datafield tag="046" ind1=" " ind2=" ">
    <subfield code="f">1961-08-13</subfield>
    <subfield code="2">edtf</subfield>
  </datafield>
  <datafield tag="053" ind1=" " ind2="0">
    <subfield code="a">PS3573.A42113</subfield>
  </datafield>
  <datafield tag="100" ind1="1" ind2=" ">
    <subfield code="a">Walbert, Kate,</subfield>
    <subfield code="d">1961-</subfield>
  </datafield>
  <datafield tag="400" ind1="1" ind2=" ">
    <subfield code="a">Walbert, Katherine,</subfield>
    <subfield code="d">1961-</subfield>
  </datafield>
  <datafield tag="400" ind1="1" ind2=" ">
    <subfield code="a">Walbert, Anne Katherine,</subfield>
    <subfield code="d">1961-</subfield>
  </datafield>
  <datafield tag="667" ind1=" " ind2=" ">
    <subfield code="a">Not same as author of Chiang Kai-shek</subfield>
  </datafield>
  <datafield tag="670" ind1=" " ind2=" ">
    <subfield code="a">Her Where she went, 1998:</subfield>
    <subfield code="b">CIP t.p. (Kate Walbert) data sheet (Walbert, Anne Katherine; b. Aug. 13, 1961)</subfield>
  </datafield>
  <datafield tag="670" ind1=" " ind2=" ">
    <subfield code="a">Author&apos;s website, viewed January 3, 2020</subfield>
    <subfield code="b">(Kate Walbert was born in New York City; author of the novels The sunken cathedral, A short history of women, Our kind, and The gardens of Kyoto, as well as the linked stories, Where she went; recipient of a National Endowment for the Arts fiction fellowship)</subfield>
    <subfield code="u">www.katewalbert.com/About/</subfield>
  </datafield>
  <datafield tag="953" ind1=" " ind2=" ">
    <subfield code="a">lk09; lh06</subfield>
  </datafield>
</record>