
<record>
  <leader>01885cz  a2200349n  4500</leader>
  <controlfield tag="001">2797345</controlfield>
  <controlfield tag="003">DLC</controlfield>
  <controlfield tag="005">20200103132852.0</controlfield>
  <controlfield tag="008">800414n| azannaabn          |b aaa      </controlfield>
  <datafield tag="010" ind1=" " ind2=" ">
    <subfield code="a">n  50013776 </subfield>
  </datafield>
  <datafield tag="035" ind1=" " ind2=" ">
    <subfield code="a">(OCoLC)oca00049254</subfield>
  </datafield>
  <datafield tag="040" ind1=" " ind2=" ">
    <subfield code="a">DLC</subfield>
    <subfield code="b">eng</subfield>
    <subfield code="e">rda</subfield>
    <subfield code="c">DLC</subfield>
    <subfield code="d">DLC</subfield>
    <subfield code="d">PPi-MA</subfield>
    <subfield code="d">FU</subfield>
    <subfield code="d">IEN</subfield>
    <subfield code="d">DLC</subfield>
  </datafield>
  <datafield tag="046" ind1=" " ind2=" ">
    <subfield code="f">19000503</subfield>
    <subfield code="g">1985-07</subfield>
  </datafield>
  <datafield tag="053" ind1=" " ind2="0">
    <subfield code="a">PS3545.I768</subfield>
  </datafield>
  <datafield tag="100" ind1="1" ind2=" ">
    <subfield code="a">Winwar, Frances,</subfield>
    <subfield code="d">1900-1985</subfield>
  </datafield>
  <datafield tag="370" ind1=" " ind2=" ">
    <subfield code="a">Sicily (Italy)</subfield>
    <subfield code="b">Florida</subfield>
    <subfield code="2">naf</subfield>
  </datafield>
  <datafield tag="400" ind1="1" ind2=" ">
    <subfield code="a">Grebanier, Frances Vinciguerra,</subfield>
    <subfield code="d">1900-1985</subfield>
  </datafield>
  <datafield tag="400" ind1="1" ind2=" ">
    <subfield code="a">Webb, Frances Vinciguerra,</subfield>
    <subfield code="d">1900-1985</subfield>
  </datafield>
  <datafield tag="400" ind1="1" ind2=" ">
    <subfield code="w">nnaa</subfield>
    <subfield code="a">Winwar, Frances,</subfield>
    <subfield code="c">pseud.</subfield>
  </datafield>
  <datafield tag="400" ind1="1" ind2=" ">
    <subfield code="a">Lazenby, Frances,</subfield>
    <subfield code="d">1900-1985</subfield>
  </datafield>
  <datafield tag="400" ind1="1" ind2=" ">
    <subfield code="a">Vinciguerra, Frances,</subfield>
    <subfield code="d">1900-1985</subfield>
  </datafield>
  <datafield tag="400" ind1="1" ind2=" ">
    <subfield code="a">Vīnʹvār, Firānsīs,</subfield>
    <subfield code="d">1900-1985</subfield>
  </datafield>
  <datafield tag="400" ind1="1" ind2=" ">
    <subfield code="a">وين‌وار، فرانسيس</subfield>
  </datafield>
  <datafield tag="670" ind1=" " ind2=" ">
    <subfield code="a">Author&apos;s The ardent flame, c1927.</subfield>
  </datafield>
  <datafield tag="670" ind1=" " ind2=" ">
    <subfield code="a">NUCMC data from Rutgers Univ. Lib. for Mss. of writings, 16-- -1981</subfield>
    <subfield code="b">(Frances Winwar)</subfield>
  </datafield>
  <datafield tag="670" ind1=" " ind2=" ">
    <subfield code="a">Contemp. auth., 1984</subfield>
    <subfield code="b">(Winwar, Frances; b. 1900 in Sicily under name: Francesca Vinciguerra; name chg&apos;d when became U.S. citizen; m. 1: Bernard D.N. Grebanier; m. 2: Richard Wilson Webb; m. 3: F.D. Lazenby; res.: Jensen Beach, Fla.; biographer, novelist, critic &amp; translator; lecturer at various universities &amp; women&apos;s clubs)</subfield>
  </datafield>
  <datafield tag="670" ind1=" " ind2=" ">
    <subfield code="a">LC manual cat.</subfield>
    <subfield code="b">(hdg.: Winwar, Frances, pseud.)</subfield>
  </datafield>
  <datafield tag="670" ind1=" " ind2=" ">
    <subfield code="a">NUCMC data from Boston Univ., Dept. of Spec. Coll. for Frances Winwar collection, 1927-1961</subfield>
    <subfield code="b">(American author; b. in Sicily; d. in Florida, 1985; emigrated to U.S., 1907; naturalized 1929)</subfield>
  </datafield>
  <datafield tag="670" ind1=" " ind2=" ">
    <subfield code="a">RootsWeb.com WWW site, May 18, 2006:</subfield>
    <subfield code="b">Social Security death index (Frances Winwar; b. May 3, 1900, d. July 1985)</subfield>
  </datafield>
  <datafield tag="670" ind1=" " ind2=" ">
    <subfield code="a">Sarzamīn va mardum-i Ītāliyā, 1963:</subfield>
    <subfield code="b">t.p. (فرانسيس وين‌وار = Firānsīs Vīnʹvār) added t.p. (Frances Winwar [in rom.])</subfield>
  </datafield>
  <datafield tag="952" ind1=" " ind2=" ">
    <subfield code="a">RETRO</subfield>
  </datafield>
  <datafield tag="953" ind1=" " ind2=" ">
    <subfield code="a">xx00</subfield>
    <subfield code="b">cm03</subfield>
  </datafield>
</record>