
<record>
  <leader>01188cz  a2200289n  4500</leader>
  <controlfield tag="001">2823947</controlfield>
  <controlfield tag="003">DLC</controlfield>
  <controlfield tag="005">20200103073221.0</controlfield>
  <controlfield tag="008">800528n| azannaabn          |a ana      </controlfield>
  <datafield tag="010" ind1=" " ind2=" ">
    <subfield code="a">n  79089276 </subfield>
    <subfield code="z">n  80019658 </subfield>
  </datafield>
  <datafield tag="034" ind1=" " ind2=" ">
    <subfield code="d">W0561100</subfield>
    <subfield code="e">W0561100</subfield>
    <subfield code="f">S0345300</subfield>
    <subfield code="g">S0345300</subfield>
    <subfield code="2">other</subfield>
  </datafield>
  <datafield tag="035" ind1=" " ind2=" ">
    <subfield code="a">(OCoLC)oca00321649</subfield>
  </datafield>
  <datafield tag="040" ind1=" " ind2=" ">
    <subfield code="a">DLC</subfield>
    <subfield code="b">eng</subfield>
    <subfield code="e">rda</subfield>
    <subfield code="c">DLC</subfield>
    <subfield code="d">WaU</subfield>
    <subfield code="d">OCoLC</subfield>
    <subfield code="d">CSt</subfield>
    <subfield code="d">WaU</subfield>
    <subfield code="d">WU</subfield>
  </datafield>
  <datafield tag="043" ind1=" " ind2=" ">
    <subfield code="a">s-uy---</subfield>
  </datafield>
  <datafield tag="151" ind1=" " ind2=" ">
    <subfield code="a">Montevideo (Uruguay)</subfield>
  </datafield>
  <datafield tag="368" ind1=" " ind2=" ">
    <subfield code="b">Capitals (Cities)</subfield>
    <subfield code="b">Cities and towns</subfield>
    <subfield code="2">lcsh</subfield>
  </datafield>
  <datafield tag="370" ind1=" " ind2=" ">
    <subfield code="c">Uruguay</subfield>
    <subfield code="2">naf</subfield>
  </datafield>
  <datafield tag="451" ind1=" " ind2=" ">
    <subfield code="w">nnaa</subfield>
    <subfield code="a">Montevideo</subfield>
  </datafield>
  <datafield tag="451" ind1=" " ind2=" ">
    <subfield code="a">Ciudad de Montevideo (Uruguay)</subfield>
  </datafield>
  <datafield tag="451" ind1=" " ind2=" ">
    <subfield code="a">Montevidéu (Uruguay)</subfield>
  </datafield>
  <datafield tag="670" ind1=" " ind2=" ">
    <subfield code="a">Ibañez, S. de. Canto a Montevideo, 1941.</subfield>
  </datafield>
  <datafield tag="670" ind1=" " ind2=" ">
    <subfield code="a">BGN 10/2/81</subfield>
    <subfield code="b">(Montevideo, PPL, 34°53ʹS, 56°11ʹW; variant: Ciudad de Montevideo; also lists Departamento de Montevideo [Montevideo=brief], 34°50ʹS, 56°10ʹW)</subfield>
  </datafield>
  <datafield tag="670" ind1=" " ind2=" ">
    <subfield code="a">U.S. Off. of Geog. Gaz., Uruguay, 1956</subfield>
    <subfield code="b">(Montevideo, popl, 34°53ʹS, 56°11ʹW; also lists Montevideo, Departamento de, dept., 34 50 S, 56 10 W)</subfield>
  </datafield>
  <datafield tag="670" ind1=" " ind2=" ">
    <subfield code="a">Quintella, T. M. M. O Tratado de Montevidéu, 1982:</subfield>
    <subfield code="b">t.p. (Montevidéu)</subfield>
  </datafield>
  <datafield tag="781" ind1=" " ind2="0">
    <subfield code="z">Uruguay</subfield>
    <subfield code="z">Montevideo</subfield>
  </datafield>
  <datafield tag="952" ind1=" " ind2=" ">
    <subfield code="a">RETRO</subfield>
  </datafield>
  <datafield tag="953" ind1=" " ind2=" ">
    <subfield code="a">xx00</subfield>
    <subfield code="b">bv17</subfield>
  </datafield>
</record>