
<record>
  <leader>02843cz  a2200445n  4500</leader>
  <controlfield tag="001">2870398</controlfield>
  <controlfield tag="003">DLC</controlfield>
  <controlfield tag="005">20200103073231.0</controlfield>
  <controlfield tag="008">820924n| azannaabn          |b aaa      </controlfield>
  <datafield tag="010" ind1=" " ind2=" ">
    <subfield code="a">n  82098456 </subfield>
  </datafield>
  <datafield tag="016" ind1=" " ind2=" ">
    <subfield code="a">1018E7168E</subfield>
  </datafield>
  <datafield tag="035" ind1=" " ind2=" ">
    <subfield code="a">(OCoLC)oca00795030</subfield>
  </datafield>
  <datafield tag="040" ind1=" " ind2=" ">
    <subfield code="a">DLC</subfield>
    <subfield code="b">eng</subfield>
    <subfield code="e">rda</subfield>
    <subfield code="c">DLC</subfield>
    <subfield code="d">DLC</subfield>
    <subfield code="d">CoU</subfield>
    <subfield code="d">DLC</subfield>
    <subfield code="d">OCoLC</subfield>
    <subfield code="d">InU</subfield>
    <subfield code="d">CaOONL</subfield>
  </datafield>
  <datafield tag="042" ind1=" " ind2=" ">
    <subfield code="a">nlc</subfield>
  </datafield>
  <datafield tag="046" ind1=" " ind2=" ">
    <subfield code="f">1889-10-27</subfield>
    <subfield code="g">1934-07-25</subfield>
  </datafield>
  <datafield tag="100" ind1="1" ind2=" ">
    <subfield code="a">Makhno, Nestor Ivanovich,</subfield>
    <subfield code="d">1889-1934</subfield>
  </datafield>
  <datafield tag="400" ind1="1" ind2=" ">
    <subfield code="a">Махно, Нестор Иванович,</subfield>
    <subfield code="d">1889-1934</subfield>
  </datafield>
  <datafield tag="400" ind1="1" ind2=" ">
    <subfield code="a">Махно, Нестор Иванович,</subfield>
    <subfield code="d">1884-1934</subfield>
  </datafield>
  <datafield tag="400" ind1="1" ind2=" ">
    <subfield code="w">nnaa</subfield>
    <subfield code="a">Makhno, Nestor Ivanovich,</subfield>
    <subfield code="d">1884-1934</subfield>
  </datafield>
  <datafield tag="400" ind1="1" ind2=" ">
    <subfield code="a">Maxno, Nestor,</subfield>
    <subfield code="d">1889-1934</subfield>
  </datafield>
  <datafield tag="400" ind1="1" ind2=" ">
    <subfield code="a">Махно, Нестор Іванович,</subfield>
    <subfield code="d">1884-1934</subfield>
  </datafield>
  <datafield tag="400" ind1="1" ind2=" ">
    <subfield code="a">Makhno, Nestor Ivanovych,</subfield>
    <subfield code="d">1884-1934</subfield>
  </datafield>
  <datafield tag="400" ind1="1" ind2=" ">
    <subfield code="a">Міхненко, Нестор Івановіч,</subfield>
    <subfield code="d">1889-1934</subfield>
  </datafield>
  <datafield tag="400" ind1="1" ind2=" ">
    <subfield code="a">Mikhnenko, Nestor Ivanovich,</subfield>
    <subfield code="d">1889-1934</subfield>
  </datafield>
  <datafield tag="400" ind1="1" ind2=" ">
    <subfield code="a">Махно, Нестор,</subfield>
    <subfield code="d">1889-1934</subfield>
  </datafield>
  <datafield tag="400" ind1="1" ind2=" ">
    <subfield code="a">Makhno, Nestor,</subfield>
    <subfield code="d">1889-1934</subfield>
  </datafield>
  <datafield tag="400" ind1="1" ind2=" ">
    <subfield code="a">Machno, Nestor Iwanowitsch,</subfield>
    <subfield code="d">1889-1934</subfield>
  </datafield>
  <datafield tag="400" ind1="1" ind2=" ">
    <subfield code="a">Makhno, N. I.</subfield>
    <subfield code="q">(Nestor Ivanovich),</subfield>
    <subfield code="d">1889-1934</subfield>
  </datafield>
  <datafield tag="400" ind1="1" ind2=" ">
    <subfield code="a">Makhno, Nester,</subfield>
    <subfield code="d">1889-1934</subfield>
  </datafield>
  <datafield tag="667" ind1=" " ind2=" ">
    <subfield code="a">Non-Latin script references not evaluated.</subfield>
  </datafield>
  <datafield tag="670" ind1=" " ind2=" ">
    <subfield code="a">Nomad, M. Apostles of revolution ... 1939.</subfield>
  </datafield>
  <datafield tag="670" ind1=" " ind2=" ">
    <subfield code="a">Malet, M. Nestor Makhno in the Russian civil war, 1982:</subfield>
    <subfield code="b">t.p. (Nestor Makhno) b. (10/29/1889) [info from CU]</subfield>
  </datafield>
  <datafield tag="670" ind1=" " ind2=" ">
    <subfield code="a">Stowasser, H. Die Machnotschina, 1979:</subfield>
    <subfield code="b">p. 28 (Nestor Iwanowitsch Machno; b. 10-27-1889 near Gulaj-Pole) p. 119 (d. 1935 [sic] in Paris)</subfield>
  </datafield>
  <datafield tag="670" ind1=" " ind2=" ">
    <subfield code="a">His Vospominanii︠a︡, 1992:</subfield>
    <subfield code="b">t.p. (Nestor Makhno) colophon (Makhno, N. I.) p. 3 (b. 1888 [sic])</subfield>
  </datafield>
  <datafield tag="670" ind1=" " ind2=" ">
    <subfield code="a">Encyc. of Ukraine:</subfield>
    <subfield code="b">v. 3, p. 278 (Makhno, Nestor [Maxno], b. 27 Oct. 1889 in Huliai-Pole, Katerynoslav guberniia, d. 25 July 1934 in Paris. Anarchist leader and military commander. He led his forces against Central Powers in Ukraine. He had several alliances with the Bolsheviks against the White Armies under Denikin and Wrangel, but his own forces were eventually destroyed by the Bolsheviks. After escaping from Ukraine Makhno eventually ended up in Paris where he wrote his incomplete memoirs in Russian)</subfield>
  </datafield>
  <datafield tag="670" ind1=" " ind2=" ">
    <subfield code="a">Nestor Makhno, 1994:</subfield>
    <subfield code="b">p. 5 (author claims Makhno was actually born on 26 Oct. 1888, not in 1889 or 1884)</subfield>
  </datafield>
  <datafield tag="670" ind1=" " ind2=" ">
    <subfield code="a">Ukr. rad. ent︠s︡ykl.:</subfield>
    <subfield code="b">v. 6, p. 413 (Makhno, Nestor Ivanovych, 1889-1934. Leader of the counter-revolutionary and anarchist-kurkul forces in Ukraine from 1918-1921. He thrice signed a pact of cooperation with Soviet forces and thrice broke this agreement. After his defeat in 1921 Makhno continued his anti-Soviet activities outside the Soviet Union)</subfield>
  </datafield>
  <datafield tag="670" ind1=" " ind2=" ">
    <subfield code="a">The struggle against the state and other essays, 1995:</subfield>
    <subfield code="b">CIP t.p. (Nester Makhno)</subfield>
  </datafield>
  <datafield tag="952" ind1=" " ind2=" ">
    <subfield code="a">RETRO</subfield>
  </datafield>
  <datafield tag="953" ind1=" " ind2=" ">
    <subfield code="a">le08</subfield>
    <subfield code="b">fc04</subfield>
  </datafield>
</record>