
<record>
  <leader>00790cz  a2200205n  4500</leader>
  <controlfield tag="001">2871787</controlfield>
  <controlfield tag="003">DLC</controlfield>
  <controlfield tag="005">20200103153143.0</controlfield>
  <controlfield tag="008">820819n| azannaabn          |a aaa      </controlfield>
  <datafield tag="010" ind1=" " ind2=" ">
    <subfield code="a">n  82112686 </subfield>
  </datafield>
  <datafield tag="035" ind1=" " ind2=" ">
    <subfield code="a">(OCoLC)oca00809110</subfield>
  </datafield>
  <datafield tag="040" ind1=" " ind2=" ">
    <subfield code="a">DLC</subfield>
    <subfield code="b">eng</subfield>
    <subfield code="e">rda</subfield>
    <subfield code="c">DLC</subfield>
    <subfield code="d">NjP</subfield>
    <subfield code="d">DLC</subfield>
  </datafield>
  <datafield tag="046" ind1=" " ind2=" ">
    <subfield code="f">1941</subfield>
    <subfield code="g">2002</subfield>
    <subfield code="2">edtf</subfield>
  </datafield>
  <datafield tag="100" ind1="1" ind2=" ">
    <subfield code="a">Stümke, Hans-Georg,</subfield>
    <subfield code="d">1941-2002</subfield>
  </datafield>
  <datafield tag="374" ind1=" " ind2=" ">
    <subfield code="a">Authors</subfield>
    <subfield code="2">lcsh</subfield>
  </datafield>
  <datafield tag="375" ind1=" " ind2=" ">
    <subfield code="a">Males</subfield>
    <subfield code="2">lcdgt</subfield>
  </datafield>
  <datafield tag="500" ind1="1" ind2=" ">
    <subfield code="w">nnnc</subfield>
    <subfield code="a">Klöppelschuh, Elvira</subfield>
  </datafield>
  <datafield tag="663" ind1=" " ind2=" ">
    <subfield code="a">For works of this author written under other names, search also under</subfield>
    <subfield code="b">Klöppelschuh, Elvira</subfield>
  </datafield>
  <datafield tag="670" ind1=" " ind2=" ">
    <subfield code="a">His Rosa Winkel, rosa Listen, 1981:</subfield>
    <subfield code="b">t.p. (Hans-Georg Stümke) p. 2 (b. 1941; freier Autor)</subfield>
  </datafield>
  <datafield tag="670" ind1=" " ind2=" ">
    <subfield code="a">Deutsche Nationalbibliothek, November 30, 2015</subfield>
    <subfield code="b">(Elvira Klöppelschuh; real name: Stümke, Hans-Georg; 1941-2002)</subfield>
  </datafield>
</record>