
<record>
  <leader>01268cz  a2200253n  4500</leader>
  <controlfield tag="001">2885547</controlfield>
  <controlfield tag="003">DLC</controlfield>
  <controlfield tag="005">20200103140724.0</controlfield>
  <controlfield tag="008">830412n| azannaabn          |b aaa      </controlfield>
  <datafield tag="010" ind1=" " ind2=" ">
    <subfield code="a">n  83040446 </subfield>
    <subfield code="z">nr 92041149 </subfield>
  </datafield>
  <datafield tag="035" ind1=" " ind2=" ">
    <subfield code="a">(OCoLC)oca00929342</subfield>
  </datafield>
  <datafield tag="040" ind1=" " ind2=" ">
    <subfield code="a">DLC</subfield>
    <subfield code="b">eng</subfield>
    <subfield code="c">DLC</subfield>
    <subfield code="d">OCoLC</subfield>
    <subfield code="e">rda</subfield>
    <subfield code="d">DLC</subfield>
  </datafield>
  <datafield tag="100" ind1="1" ind2=" ">
    <subfield code="a">Shalabī, ʻAlī</subfield>
  </datafield>
  <datafield tag="400" ind1="0" ind2=" ">
    <subfield code="a">ʻAlī Shalabī</subfield>
  </datafield>
  <datafield tag="400" ind1="1" ind2=" ">
    <subfield code="a">شلبي، علي</subfield>
  </datafield>
  <datafield tag="400" ind1="1" ind2=" ">
    <subfield code="a">على محمد شلبى</subfield>
  </datafield>
  <datafield tag="400" ind1="1" ind2=" ">
    <subfield code="a">Shalabī, ʻAlī Muḥammad</subfield>
  </datafield>
  <datafield tag="400" ind1="1" ind2=" ">
    <subfield code="a">شلبي، علي محمد</subfield>
  </datafield>
  <datafield tag="667" ind1=" " ind2=" ">
    <subfield code="a">Machine-derived non-Latin script reference project.</subfield>
  </datafield>
  <datafield tag="667" ind1=" " ind2=" ">
    <subfield code="a">Non-Latin script references not evaluated.</subfield>
  </datafield>
  <datafield tag="670" ind1=" " ind2=" ">
    <subfield code="a">His Miṣr al-Fatāh wa-dawruhā fī al-siyāsah al-Miṣrīyah, 1982- :</subfield>
    <subfield code="b">v. 1, t.p. (Duktūr ʻAlī Shalabī, Kull. al-Ādāb, Jām. al-Manṣūrah)</subfield>
  </datafield>
  <datafield tag="670" ind1=" " ind2=" ">
    <subfield code="a">His al-Miṣrīyūn wa-al-jundīyah fī al-qarn al-tāsiʻ ʻashar, 1988:</subfield>
    <subfield code="b">t.p. (al-Duktūr ʻAlī Muḥammad Shalabī, ustādh al-tārīkh al-ḥadīth al-musāʻid, Kull. al-Ādāb, Jām. al-Manṣūrah)</subfield>
  </datafield>
  <datafield tag="670" ind1=" " ind2=" ">
    <subfield code="a">al-Inqilābāt al-dustūrīyah fī Miṣr, 1923-1936, 1981 :</subfield>
    <subfield code="b">title page (Duktūr ʻAlī Shalabī) and on page 9 of the same work as (D. ʻAlī Muḥammad Ḥāmid Shalabī)</subfield>
  </datafield>
  <datafield tag="953" ind1=" " ind2=" ">
    <subfield code="a">bt96</subfield>
  </datafield>
</record>