
<record>
  <leader>01861cz  a2200241n  4500</leader>
  <controlfield tag="001">2894135</controlfield>
  <controlfield tag="003">DLC</controlfield>
  <controlfield tag="005">20200103073234.0</controlfield>
  <controlfield tag="008">830725n| azannaabn          |a aaa      </controlfield>
  <datafield tag="010" ind1=" " ind2=" ">
    <subfield code="a">n  83198676 </subfield>
  </datafield>
  <datafield tag="035" ind1=" " ind2=" ">
    <subfield code="a">(OCoLC)oca01011839</subfield>
  </datafield>
  <datafield tag="040" ind1=" " ind2=" ">
    <subfield code="a">DLC</subfield>
    <subfield code="b">eng</subfield>
    <subfield code="e">rda</subfield>
    <subfield code="c">DLC</subfield>
    <subfield code="d">NcU</subfield>
    <subfield code="d">OU</subfield>
  </datafield>
  <datafield tag="046" ind1=" " ind2=" ">
    <subfield code="f">1903-02-10</subfield>
    <subfield code="g">1989-10-16</subfield>
    <subfield code="2">edtf</subfield>
  </datafield>
  <datafield tag="100" ind1="1" ind2=" ">
    <subfield code="a">Hiebel, Friedrich,</subfield>
    <subfield code="d">1903-1989</subfield>
  </datafield>
  <datafield tag="370" ind1=" " ind2=" ">
    <subfield code="a">Vienna (Austria)</subfield>
    <subfield code="b">Dornach (Switzerland)</subfield>
    <subfield code="c">Austria</subfield>
    <subfield code="2">naf</subfield>
  </datafield>
  <datafield tag="374" ind1=" " ind2=" ">
    <subfield code="a">Germanists</subfield>
    <subfield code="a">Journalists</subfield>
    <subfield code="a">Authors</subfield>
    <subfield code="2">lcsh</subfield>
  </datafield>
  <datafield tag="375" ind1=" " ind2=" ">
    <subfield code="a">Males</subfield>
    <subfield code="2">lcdgt</subfield>
  </datafield>
  <datafield tag="400" ind1="1" ind2=" ">
    <subfield code="a">Hiebel, Frederick,</subfield>
    <subfield code="d">1903-1989</subfield>
  </datafield>
  <datafield tag="670" ind1=" " ind2=" ">
    <subfield code="a">His Goethe und die Schweiz, c1982:</subfield>
    <subfield code="b">t.p. (Friedrich Hiebel)</subfield>
  </datafield>
  <datafield tag="670" ind1=" " ind2=" ">
    <subfield code="a">His Novalis, 1959:</subfield>
    <subfield code="b">t.p. (Frederick Hiebel)</subfield>
  </datafield>
  <datafield tag="670" ind1=" " ind2=" ">
    <subfield code="a">LC data base, 7-22-83</subfield>
    <subfield code="b">(hdg.: Hiebel, Friedrich, 1903-)</subfield>
  </datafield>
  <datafield tag="670" ind1=" " ind2=" ">
    <subfield code="a">Wikidata via Wikipedia, January 2, 2020</subfield>
    <subfield code="b">(alias: Friedrich Hiebel; sex or gender: male; LCAuth identifier: n83198676; VIAF identifier: 95295339; GND identifier: 118550780; place of birth: Vienna; place of death: Dornach; country of citizenship: Austria; instance of: human; date of birth: +1903-02-10T00:00:00Z; date of death: +1989-10-16T00:00:00Z; given name: Friedrich; NTA identifier (Netherlands): 067677436; Munzinger IBA: 00000011751; occupation: opinion journalist, writer; FAST-ID: 119815; ISNI (P213): 0000000081679721; SUDOC authorities: 032802900; languages spoken or published: German; Open Library identifier: OL136021A; BnF identifier: 123761662; CONOR identifier: 54687587; NKC identifier: jo2013786255; HDS: 027528; Europeana Entity (P7704): agent/base/134164; description/label: écrivain allemand, escriptor alemany, escritor alemán, German writer, österreichischer Germanist, publicist uit Oostenrijk , Saksamaa kirjanik, scríbhneoir Gearmánach, scriitor german, shkrimtar gjerman, סופר גרמני)</subfield>
    <subfield code="u">http://www.wikidata.org/entity/Q1459716</subfield>
  </datafield>
  <datafield tag="953" ind1=" " ind2=" ">
    <subfield code="a">ec01</subfield>
  </datafield>
</record>