
<record>
  <leader>00739cz  a2200181n  4500</leader>
  <controlfield tag="001">2902182</controlfield>
  <controlfield tag="003">DLC</controlfield>
  <controlfield tag="005">20200103073305.0</controlfield>
  <controlfield tag="008">840417n| azannaabn          |a ana      </controlfield>
  <datafield tag="010" ind1=" " ind2=" ">
    <subfield code="a">n  84026746 </subfield>
  </datafield>
  <datafield tag="035" ind1=" " ind2=" ">
    <subfield code="a">(OCoLC)oca01116610</subfield>
  </datafield>
  <datafield tag="040" ind1=" " ind2=" ">
    <subfield code="a">DNAL</subfield>
    <subfield code="b">eng</subfield>
    <subfield code="e">rda</subfield>
    <subfield code="c">DLC</subfield>
    <subfield code="d">DLC</subfield>
    <subfield code="d">OCoLC</subfield>
    <subfield code="d">DNLM</subfield>
  </datafield>
  <datafield tag="046" ind1=" " ind2=" ">
    <subfield code="t">1967-04-17</subfield>
    <subfield code="2">edtf</subfield>
  </datafield>
  <datafield tag="110" ind1="2" ind2=" ">
    <subfield code="a">Borden Company</subfield>
  </datafield>
  <datafield tag="510" ind1="2" ind2=" ">
    <subfield code="w">r</subfield>
    <subfield code="i">Successor:</subfield>
    <subfield code="a">Borden, Inc.</subfield>
  </datafield>
  <datafield tag="670" ind1=" " ind2=" ">
    <subfield code="a">Its Annual report, 1967:</subfield>
    <subfield code="b">t.p. (Borden) p. 1 (Borden Company); 1968: p. 1 (Borden, Inc.) p. 3 (a change in the name of the corporation from the Borden Company to Borden, Inc., was approved by stockholders at the Annual Meeting on Apr. 17 and became effective that date)</subfield>
  </datafield>
  <datafield tag="670" ind1=" " ind2=" ">
    <subfield code="a">LC data base, 4/16/84</subfield>
    <subfield code="b">(hdg.: Borden Company)</subfield>
  </datafield>
  <datafield tag="953" ind1=" " ind2=" ">
    <subfield code="a">bz56</subfield>
  </datafield>
</record>