
<record>
  <leader>01803cz  a2200241n  4500</leader>
  <controlfield tag="001">2913308</controlfield>
  <controlfield tag="003">DLC</controlfield>
  <controlfield tag="005">20200103073208.0</controlfield>
  <controlfield tag="008">850123n| azannaabn          |n aaa      </controlfield>
  <datafield tag="010" ind1=" " ind2=" ">
    <subfield code="a">n  84179746 </subfield>
  </datafield>
  <datafield tag="035" ind1=" " ind2=" ">
    <subfield code="a">(OCoLC)oca01252120</subfield>
  </datafield>
  <datafield tag="040" ind1=" " ind2=" ">
    <subfield code="a">DLC</subfield>
    <subfield code="b">eng</subfield>
    <subfield code="e">rda</subfield>
    <subfield code="c">DLC</subfield>
    <subfield code="d">DLC</subfield>
    <subfield code="d">InNd</subfield>
    <subfield code="d">OU</subfield>
  </datafield>
  <datafield tag="046" ind1=" " ind2=" ">
    <subfield code="f">1909-06-18</subfield>
    <subfield code="g">1986-08-19</subfield>
    <subfield code="2">edtf</subfield>
  </datafield>
  <datafield tag="053" ind1=" " ind2="0">
    <subfield code="a">PT2621.R2</subfield>
  </datafield>
  <datafield tag="100" ind1="1" ind2=" ">
    <subfield code="a">Kramp, Willy,</subfield>
    <subfield code="d">1909-1986</subfield>
  </datafield>
  <datafield tag="370" ind1=" " ind2=" ">
    <subfield code="a">Mulhouse (France)</subfield>
    <subfield code="c">Germany</subfield>
    <subfield code="2">naf</subfield>
  </datafield>
  <datafield tag="370" ind1=" " ind2=" ">
    <subfield code="b">Villigst (Germany)</subfield>
  </datafield>
  <datafield tag="374" ind1=" " ind2=" ">
    <subfield code="a">Authors</subfield>
    <subfield code="2">lcsh</subfield>
  </datafield>
  <datafield tag="375" ind1=" " ind2=" ">
    <subfield code="a">Males</subfield>
    <subfield code="2">lcdgt</subfield>
  </datafield>
  <datafield tag="670" ind1=" " ind2=" ">
    <subfield code="a">His Wintermai und Sommerschnee, c1981:</subfield>
    <subfield code="b">t.p. (Willy Kramp) jkt. (b. 1909)</subfield>
  </datafield>
  <datafield tag="670" ind1=" " ind2=" ">
    <subfield code="a">LC data base, 1-11-85</subfield>
    <subfield code="b">(hdg.: Kramp, Willy, 1909- )</subfield>
  </datafield>
  <datafield tag="670" ind1=" " ind2=" ">
    <subfield code="a">Wikidata via Wikipedia, January 2, 2020</subfield>
    <subfield code="b">(alias: Willy Kramp; sex or gender: male; LCAuth identifier: n84179746; VIAF identifier: 161474125; GND identifier: 118566156; ISNI (P213): 0000000114374677, 0000000374784701; country of citizenship: Germany; instance of: human; date of birth: +1909-06-18T00:00:00Z; date of death: +1986-08-19T00:00:00Z; given name: Willy; archives at: University and State Library Münster; Munzinger IBA: 00000015821; occupation: writer; Filmportal ID (P2639): 659d12c3849d4a08bc024bc13a64d19b; IMDb identifier: nm1193006; Kinopoisk person ID (P2604): 996311; People Australia identifier: 1094648; place of birth: Mulhouse; place of death: Villigst; languages spoken or published: German; award received: Annette von Droste-Hülshoff prize; NLA identifier: 35803739; NTA identifier (Netherlands): 070814422; NUKAT authorities: n2003085758; surname: Kramp; SUDOC authorities: 100980074; description/label: deutscher Schriftsteller, Duits schrijver , écrivain allemand, escritor alemán , German author, údar Gearmánach)</subfield>
    <subfield code="u">http://www.wikidata.org/entity/Q1478955</subfield>
  </datafield>
  <datafield tag="953" ind1=" " ind2=" ">
    <subfield code="a">ec31</subfield>
  </datafield>
</record>