
<record>
  <leader>00961cz  a2200205n  4500</leader>
  <controlfield tag="001">2927946</controlfield>
  <controlfield tag="003">DLC</controlfield>
  <controlfield tag="005">20200103073209.0</controlfield>
  <controlfield tag="008">850508n| acannaabn          |n aba      </controlfield>
  <datafield tag="010" ind1=" " ind2=" ">
    <subfield code="a">n  85079656 </subfield>
  </datafield>
  <datafield tag="035" ind1=" " ind2=" ">
    <subfield code="a">(OCoLC)oca01313487</subfield>
  </datafield>
  <datafield tag="040" ind1=" " ind2=" ">
    <subfield code="a">DLC</subfield>
    <subfield code="b">eng</subfield>
    <subfield code="c">DLC</subfield>
    <subfield code="d">DLC</subfield>
    <subfield code="d">NIC</subfield>
    <subfield code="d">DLC</subfield>
    <subfield code="d">IEN</subfield>
    <subfield code="d">SaPrUSA</subfield>
    <subfield code="d">SaPrUP</subfield>
    <subfield code="d">DLC</subfield>
    <subfield code="d">OCUCA</subfield>
  </datafield>
  <datafield tag="100" ind1="1" ind2=" ">
    <subfield code="a">Levy, Daniel</subfield>
  </datafield>
  <datafield tag="667" ind1=" " ind2=" ">
    <subfield code="a">THIS 1XX FIELD CANNOT BE USED UNDER RDA UNTIL THIS UNDIFFERENTIATED RECORD HAS BEEN HANDLED FOLLOWING THE GUIDELINES IN DCM Z1 008/32</subfield>
  </datafield>
  <datafield tag="670" ind1=" " ind2=" ">
    <subfield code="a">[Author of Innovation in transit in medium size Canadian cities]</subfield>
  </datafield>
  <datafield tag="670" ind1=" " ind2=" ">
    <subfield code="a">His Innovation in transit in medium ... 1976:</subfield>
    <subfield code="b">t.p. (Daniel Levy, grad. student, Fac. Environmental Studies, York Univ. [Canada])</subfield>
  </datafield>
  <datafield tag="670" ind1=" " ind2=" ">
    <subfield code="a">[Translator of Ben Ish Hai anthology]</subfield>
  </datafield>
  <datafield tag="670" ind1=" " ind2=" ">
    <subfield code="a">Ben Ish Hai anthology, 1995- :</subfield>
    <subfield code="b">v. 1, t.p. (Daniel Levy)</subfield>
  </datafield>
  <datafield tag="675" ind1=" " ind2=" ">
    <subfield code="a">Martindale-Hubbell;</subfield>
    <subfield code="a">Kürsch. Lit Kal., 1988;</subfield>
    <subfield code="a">Kürsch. Gel. Kal., 2003;</subfield>
    <subfield code="a">Wer ist wer, 2001/02.</subfield>
  </datafield>
  <datafield tag="953" ind1=" " ind2=" ">
    <subfield code="a">bc73</subfield>
    <subfield code="b">ld20</subfield>
  </datafield>
</record>