
<record>
  <leader>01804cz  a2200373n  4500</leader>
  <controlfield tag="001">2937112</controlfield>
  <controlfield tag="003">DLC</controlfield>
  <controlfield tag="005">20200103073212.0</controlfield>
  <controlfield tag="008">850814n| azannaabn          |b aaa     c</controlfield>
  <datafield tag="010" ind1=" " ind2=" ">
    <subfield code="a">n  85197756 </subfield>
  </datafield>
  <datafield tag="035" ind1=" " ind2=" ">
    <subfield code="a">(OCoLC)oca01400095</subfield>
  </datafield>
  <datafield tag="040" ind1=" " ind2=" ">
    <subfield code="a">MiU</subfield>
    <subfield code="b">eng</subfield>
    <subfield code="e">rda</subfield>
    <subfield code="c">DLC</subfield>
    <subfield code="d">DLC</subfield>
    <subfield code="d">NNC</subfield>
    <subfield code="d">IU</subfield>
    <subfield code="d">DLC</subfield>
    <subfield code="d">OCoLC</subfield>
    <subfield code="d">WU</subfield>
    <subfield code="d">InU</subfield>
    <subfield code="d">DLC</subfield>
    <subfield code="d">WU</subfield>
  </datafield>
  <datafield tag="046" ind1=" " ind2=" ">
    <subfield code="f">1935-07-03</subfield>
    <subfield code="g">1987-01-13</subfield>
    <subfield code="2">edtf</subfield>
  </datafield>
  <datafield tag="100" ind1="1" ind2=" ">
    <subfield code="a">Ėfros, Anatoliĭ,</subfield>
    <subfield code="d">1935-1987</subfield>
  </datafield>
  <datafield tag="370" ind1=" " ind2=" ">
    <subfield code="c">Russia (Federation)</subfield>
    <subfield code="2">naf</subfield>
  </datafield>
  <datafield tag="374" ind1=" " ind2=" ">
    <subfield code="a">Theatrical producers and directors</subfield>
    <subfield code="2">lcsh</subfield>
  </datafield>
  <datafield tag="375" ind1=" " ind2=" ">
    <subfield code="a">Males</subfield>
    <subfield code="2">lcdgt</subfield>
  </datafield>
  <datafield tag="377" ind1=" " ind2=" ">
    <subfield code="a">rus</subfield>
  </datafield>
  <datafield tag="400" ind1="1" ind2=" ">
    <subfield code="a">Эфрос, Анатолий,</subfield>
    <subfield code="d">1935-1987</subfield>
  </datafield>
  <datafield tag="400" ind1="1" ind2=" ">
    <subfield code="a">Ėfros, A. V.</subfield>
    <subfield code="q">(Anatoliĭ Vasilʹevich),</subfield>
    <subfield code="d">1935-1987</subfield>
  </datafield>
  <datafield tag="400" ind1="1" ind2=" ">
    <subfield code="a">Эфрос, А. В.</subfield>
    <subfield code="q">(Анатолий Васильевич),</subfield>
    <subfield code="d">1935-1987</subfield>
  </datafield>
  <datafield tag="400" ind1="1" ind2=" ">
    <subfield code="a">Efros, Anatoly,</subfield>
    <subfield code="d">1935-1987</subfield>
  </datafield>
  <datafield tag="400" ind1="1" ind2=" ">
    <subfield code="a">Ėfros, Natan Isaevich,</subfield>
    <subfield code="d">1935-1987</subfield>
  </datafield>
  <datafield tag="400" ind1="1" ind2=" ">
    <subfield code="a">Эфрос, Натан Исаевич,</subfield>
    <subfield code="d">1935-1987</subfield>
  </datafield>
  <datafield tag="400" ind1="1" ind2=" ">
    <subfield code="w">nnea</subfield>
    <subfield code="a">Ėfros, Anatoliĭ Vasilʹevich</subfield>
  </datafield>
  <datafield tag="667" ind1=" " ind2=" ">
    <subfield code="a">Non-Latin script references not evaluated.</subfield>
  </datafield>
  <datafield tag="670" ind1=" " ind2=" ">
    <subfield code="a">Prodolzhenie teatralʹnogo rasskaza, 1985:</subfield>
    <subfield code="b">t.p. (Anatoliĭ Ėfros)</subfield>
  </datafield>
  <datafield tag="670" ind1=" " ind2=" ">
    <subfield code="a">LC in RLIN, 8-1-85</subfield>
    <subfield code="b">(hdg.: Ėfros, Anatoliĭ Vasilʹevich; usage: Anatoliĭ Ėfros)</subfield>
  </datafield>
  <datafield tag="670" ind1=" " ind2=" ">
    <subfield code="a">Anatoliĭ Vasilʹevich Ėfros, 1992:</subfield>
    <subfield code="b">t.p. (Anatoliĭ Vasilʹevich Ėfros) p. 4 (d. 1/13/1987)</subfield>
  </datafield>
  <datafield tag="670" ind1=" " ind2=" ">
    <subfield code="a">A biog. dict. of the Soviet Union 1917-1988, 1989:</subfield>
    <subfield code="b">p. 89 (Anatolii Vasilʹevich, stage director; b. 6/3/1925; d. 1987, Moscow)</subfield>
  </datafield>
  <datafield tag="670" ind1=" " ind2=" ">
    <subfield code="a">Repetit︠s︡ii︠a︡--li︠u︡bovʹ moi︠a︡, 1994:</subfield>
    <subfield code="b">t.p. (Anatoliĭ Ėfros) colophon (Ėfros A.V.)</subfield>
  </datafield>
  <datafield tag="670" ind1=" " ind2=" ">
    <subfield code="a">Joy of rehearsal, 2006:</subfield>
    <subfield code="b">CIP t.p. (Anatoly Efros)</subfield>
  </datafield>
  <datafield tag="670" ind1=" " ind2=" ">
    <subfield code="a">Google, September 26, 2012</subfield>
    <subfield code="b">(given name, Natan Isaevich Ėfros; b. July 3, 1925; d. January 13, 1987)</subfield>
  </datafield>
  <datafield tag="953" ind1=" " ind2=" ">
    <subfield code="a">bz66</subfield>
    <subfield code="b">le14</subfield>
  </datafield>
</record>