
<record>
  <leader>01189cz  a2200253n  4500</leader>
  <controlfield tag="001">2946957</controlfield>
  <controlfield tag="003">DLC</controlfield>
  <controlfield tag="005">20200103073215.0</controlfield>
  <controlfield tag="008">860221n| azannaabn          |b aaa      </controlfield>
  <datafield tag="010" ind1=" " ind2=" ">
    <subfield code="a">n  85324586 </subfield>
  </datafield>
  <datafield tag="035" ind1=" " ind2=" ">
    <subfield code="a">(OCoLC)oca01519603</subfield>
  </datafield>
  <datafield tag="040" ind1=" " ind2=" ">
    <subfield code="a">DLC</subfield>
    <subfield code="b">eng</subfield>
    <subfield code="e">rda</subfield>
    <subfield code="c">DLC</subfield>
    <subfield code="d">DLC</subfield>
    <subfield code="d">CSt</subfield>
    <subfield code="d">IEN</subfield>
    <subfield code="d">InU</subfield>
  </datafield>
  <datafield tag="100" ind1="1" ind2=" ">
    <subfield code="a">Kiselʹnikov, A. A.</subfield>
    <subfield code="q">(Aleksandr Andreevich)</subfield>
  </datafield>
  <datafield tag="372" ind1=" " ind2=" ">
    <subfield code="a">Economics</subfield>
    <subfield code="a">Statistics</subfield>
    <subfield code="a">History</subfield>
    <subfield code="2">lcsh</subfield>
  </datafield>
  <datafield tag="375" ind1=" " ind2=" ">
    <subfield code="a">Males</subfield>
    <subfield code="2">lcdgt</subfield>
  </datafield>
  <datafield tag="377" ind1=" " ind2=" ">
    <subfield code="a">rus</subfield>
  </datafield>
  <datafield tag="378" ind1=" " ind2=" ">
    <subfield code="q">Aleksandr Andreevich</subfield>
  </datafield>
  <datafield tag="400" ind1="1" ind2=" ">
    <subfield code="a">Кисельников, А. А.</subfield>
    <subfield code="q">(Александр Андреевич)</subfield>
  </datafield>
  <datafield tag="400" ind1="1" ind2=" ">
    <subfield code="a">Kiselʹnikov, Aleksandr Andreevich</subfield>
  </datafield>
  <datafield tag="400" ind1="1" ind2=" ">
    <subfield code="a">Кисельников, Александр Андреевич</subfield>
  </datafield>
  <datafield tag="667" ind1=" " ind2=" ">
    <subfield code="a">Non-Latin script references not evaluated.</subfield>
  </datafield>
  <datafield tag="670" ind1=" " ind2=" ">
    <subfield code="a">His Modelirovanie struktury i prot︠s︡essa ... 1984:</subfield>
    <subfield code="b">t.p. (A.A. Kiselʹnikov) colophon (Aleksandr Andreevich Kiselʹnikov)</subfield>
  </datafield>
  <datafield tag="670" ind1=" " ind2=" ">
    <subfield code="a">Noveĭshai︠a︡ istorii︠a︡ Rossii, 1985-2011, 2013:</subfield>
    <subfield code="b">page 4 of cover (Кисельников Александр Андреевич = Kiselʹnikov Aleksandr Andreevich; doktor ėkonomicheskikh nauk, professor; fields of interests: economics; statistics; history)</subfield>
  </datafield>
  <datafield tag="953" ind1=" " ind2=" ">
    <subfield code="a">ee37</subfield>
  </datafield>
</record>