
<record>
  <leader>01169cz  a2200289n  4500</leader>
  <controlfield tag="001">2955771</controlfield>
  <controlfield tag="003">DLC</controlfield>
  <controlfield tag="005">20200103073216.0</controlfield>
  <controlfield tag="008">870728n| azannaabn          |a ana      </controlfield>
  <datafield tag="010" ind1=" " ind2=" ">
    <subfield code="a">n  86008366 </subfield>
  </datafield>
  <datafield tag="034" ind1=" " ind2=" ">
    <subfield code="d">E0774000</subfield>
    <subfield code="e">E0774000</subfield>
    <subfield code="f">N0270600</subfield>
    <subfield code="g">N0270600</subfield>
    <subfield code="2">geonames</subfield>
  </datafield>
  <datafield tag="035" ind1=" " ind2=" ">
    <subfield code="a">(OCoLC)oca01905468</subfield>
  </datafield>
  <datafield tag="040" ind1=" " ind2=" ">
    <subfield code="a">DLC</subfield>
    <subfield code="b">eng</subfield>
    <subfield code="c">DLC</subfield>
    <subfield code="d">DLC</subfield>
    <subfield code="d">InNd</subfield>
    <subfield code="d">OCoLC</subfield>
    <subfield code="e">rda</subfield>
    <subfield code="d">DLC</subfield>
    <subfield code="d">DeU</subfield>
  </datafield>
  <datafield tag="043" ind1=" " ind2=" ">
    <subfield code="a">a-ii---</subfield>
  </datafield>
  <datafield tag="151" ind1=" " ind2=" ">
    <subfield code="a">Fatehpur Sikri (India)</subfield>
  </datafield>
  <datafield tag="451" ind1=" " ind2=" ">
    <subfield code="w">nnaa</subfield>
    <subfield code="a">Fatehpur Sikri</subfield>
  </datafield>
  <datafield tag="451" ind1=" " ind2=" ">
    <subfield code="a">Faṭhpur-Sīkrī (India)</subfield>
  </datafield>
  <datafield tag="451" ind1=" " ind2=" ">
    <subfield code="a">Fathepur Sikri (India)</subfield>
  </datafield>
  <datafield tag="451" ind1=" " ind2=" ">
    <subfield code="a">Futtehpore Sikri (India)</subfield>
  </datafield>
  <datafield tag="670" ind1=" " ind2=" ">
    <subfield code="a">Agra, c1985:</subfield>
    <subfield code="b">cover (Fatehpur Sikri) p. 49 (a city, connected to Agra by a motorable road)</subfield>
  </datafield>
  <datafield tag="670" ind1=" " ind2=" ">
    <subfield code="a">Where is it, 1976:</subfield>
    <subfield code="b">p. 32 (Fatehpur Sikri; ppl, 26.8 N, 77.1 E)</subfield>
  </datafield>
  <datafield tag="670" ind1=" " ind2=" ">
    <subfield code="a">LC data base, 7-22-87</subfield>
    <subfield code="b">(subj.: Fatehpur Sikri; variant Faṭhpur-Sīkrī)</subfield>
  </datafield>
  <datafield tag="670" ind1=" " ind2=" ">
    <subfield code="a">David m. Schwarz traveling fellowship, 2000?:</subfield>
    <subfield code="b">table of contents, etc. (Fathepur Sikri)</subfield>
  </datafield>
  <datafield tag="670" ind1=" " ind2=" ">
    <subfield code="a">GeoNames, algorithmically matched, 2009</subfield>
    <subfield code="b">(ppl; 27°06ʹ00ʺN 077°40ʹ00ʺE)</subfield>
  </datafield>
  <datafield tag="670" ind1=" " ind2=" ">
    <subfield code="a">Travel pictures, 1904:</subfield>
    <subfield code="b">page 203 (Futtehpore Sikri)</subfield>
  </datafield>
  <datafield tag="781" ind1=" " ind2="0">
    <subfield code="z">India</subfield>
    <subfield code="z">Fatehpur Sikri</subfield>
  </datafield>
  <datafield tag="953" ind1=" " ind2=" ">
    <subfield code="a">bg16</subfield>
    <subfield code="b">bg16</subfield>
  </datafield>
</record>