
<record>
  <leader>00704cz  a2200181n  4500</leader>
  <controlfield tag="001">2992695</controlfield>
  <controlfield tag="003">DLC</controlfield>
  <controlfield tag="005">20200103073216.0</controlfield>
  <controlfield tag="008">870715n| azannaabn          |n aaa      </controlfield>
  <datafield tag="010" ind1=" " ind2=" ">
    <subfield code="a">n  87932336 </subfield>
  </datafield>
  <datafield tag="035" ind1=" " ind2=" ">
    <subfield code="a">(OCoLC)oca01896099</subfield>
  </datafield>
  <datafield tag="040" ind1=" " ind2=" ">
    <subfield code="a">DLC</subfield>
    <subfield code="b">eng</subfield>
    <subfield code="c">DLC</subfield>
    <subfield code="e">rda</subfield>
    <subfield code="d">IAhCCS</subfield>
  </datafield>
  <datafield tag="046" ind1=" " ind2=" ">
    <subfield code="f">1921-07-22</subfield>
    <subfield code="g">2014-12-27</subfield>
    <subfield code="2">edtf</subfield>
  </datafield>
  <datafield tag="100" ind1="1" ind2=" ">
    <subfield code="a">Sugden, John,</subfield>
    <subfield code="d">1921-2014</subfield>
  </datafield>
  <datafield tag="670" ind1=" " ind2=" ">
    <subfield code="a">His Niccolo Paganini, 1980:</subfield>
    <subfield code="b">t.p. (John Sugden)</subfield>
  </datafield>
  <datafield tag="670" ind1=" " ind2=" ">
    <subfield code="a">WW 1987</subfield>
    <subfield code="b">(Sugden, John Goldthorp, MA, Headmaster, Wellingborough School, 1965-73; b. 7/22/21)</subfield>
  </datafield>
  <datafield tag="670" ind1=" " ind2=" ">
    <subfield code="a">The Old Radleian 2015, viewed Jan. 2, 2020:</subfield>
    <subfield code="b">p. 78 (John Goldthorp Sugden, d. Dec. 27, 2014)</subfield>
    <subfield code="u">https://issuu.com/radleycollege/docs/old_radleian_2015_web/78</subfield>
  </datafield>
  <datafield tag="953" ind1=" " ind2=" ">
    <subfield code="a">ba02</subfield>
  </datafield>
</record>