
<record>
  <leader>02101cz  a2200253n  4500</leader>
  <controlfield tag="001">3050587</controlfield>
  <controlfield tag="003">DLC</controlfield>
  <controlfield tag="005">20200103073159.0</controlfield>
  <controlfield tag="008">900309n| azannaabn          |a aaa      </controlfield>
  <datafield tag="010" ind1=" " ind2=" ">
    <subfield code="a">n  90619016 </subfield>
  </datafield>
  <datafield tag="035" ind1=" " ind2=" ">
    <subfield code="a">(OCoLC)oca02700607</subfield>
  </datafield>
  <datafield tag="040" ind1=" " ind2=" ">
    <subfield code="a">DLC</subfield>
    <subfield code="b">eng</subfield>
    <subfield code="e">rda</subfield>
    <subfield code="c">DLC</subfield>
    <subfield code="d">InNd</subfield>
    <subfield code="d">OU</subfield>
  </datafield>
  <datafield tag="046" ind1=" " ind2=" ">
    <subfield code="f">1907-06-14</subfield>
    <subfield code="g">1969-08-24</subfield>
    <subfield code="2">edtf</subfield>
  </datafield>
  <datafield tag="053" ind1=" " ind2="0">
    <subfield code="a">PT2617.E4175</subfield>
  </datafield>
  <datafield tag="100" ind1="1" ind2=" ">
    <subfield code="a">Heiseler, Bernt von,</subfield>
    <subfield code="d">1907-1969</subfield>
  </datafield>
  <datafield tag="370" ind1=" " ind2=" ">
    <subfield code="a">Brannenburg (Germany)</subfield>
    <subfield code="2">naf</subfield>
  </datafield>
  <datafield tag="374" ind1=" " ind2=" ">
    <subfield code="a">Authors</subfield>
    <subfield code="2">lcsh</subfield>
  </datafield>
  <datafield tag="375" ind1=" " ind2=" ">
    <subfield code="a">Males</subfield>
    <subfield code="2">lcdgt</subfield>
  </datafield>
  <datafield tag="400" ind1="1" ind2=" ">
    <subfield code="a">Von Heiseler, Bernt,</subfield>
    <subfield code="d">1907-1969</subfield>
  </datafield>
  <datafield tag="667" ind1=" " ind2=" ">
    <subfield code="a">&quot;Heisler&quot; in NUC record&apos;s usage per VtU rept.</subfield>
  </datafield>
  <datafield tag="670" ind1=" " ind2=" ">
    <subfield code="a">nuc89-62831: His Schiller, 1983</subfield>
    <subfield code="b">(hdg. on VtU rept.: Heiseler, Bernt von, 1907- ; usage: Bernt von Heisler)</subfield>
  </datafield>
  <datafield tag="670" ind1=" " ind2=" ">
    <subfield code="a">LC data base, 03-09-90</subfield>
    <subfield code="b">(hdg.: Heiseler, Bernt von, 1907- ; usage: Bernt von Heiseler)</subfield>
  </datafield>
  <datafield tag="670" ind1=" " ind2=" ">
    <subfield code="a">Wikidata via Wikipedia, January 2, 2020</subfield>
    <subfield code="b">(alias: Bernt von Heiseler; LCAuth identifier: n90619016; VIAF identifier: 69724136; GND identifier: 118709925; ISNI (P213): 0000000109845374; place of birth: Brannenburg; country of citizenship: Germany; instance of: human; date of birth: +1907-06-14T00:00:00Z; member of political party: Nazi Party; date of death: +1969-08-24T00:00:00Z; occupation: writer; member of: Academy of Arts, Berlin, Deutsche Akademie für Sprache und Dichtung; given name: Bernt; award received: Konrad Adenauer Prize; NTA identifier (Netherlands): 070545804; Munzinger IBA: 00000002688; languages spoken or published: German; National Library of Greece ID (P3348): 128375; ADK member ID (P4114): 50172; SHARE Catalogue author ID (P3987): 188523; FAST-ID: 265685; Angelicum author ID (P5731): 8729; SUDOC authorities: 118027662; sex or gender: male; CONOR identifier: 78126179; NKC identifier: xx0176497; BHCL ID (P6656): 26695; description/label: deutscher Schriftsteller, Duits schrijver , écrivain allemand, escriptor alemany, escritor alemán, escrivan alemand, German writer, Saksamaa kirjanik, scríbhneoir Gearmánach, scriitor german, shkrimtar gjerman, סופר גרמני)</subfield>
    <subfield code="u">http://www.wikidata.org/entity/Q117015</subfield>
  </datafield>
  <datafield tag="953" ind1=" " ind2=" ">
    <subfield code="a">na20</subfield>
  </datafield>
</record>