
<record>
  <leader>00663cz  a2200193n  4500</leader>
  <controlfield tag="001">3124412</controlfield>
  <controlfield tag="003">DLC</controlfield>
  <controlfield tag="005">20200103073314.0</controlfield>
  <controlfield tag="008">940617n| azannaabn          |a aaa     c</controlfield>
  <datafield tag="010" ind1=" " ind2=" ">
    <subfield code="a">nr 94020146 </subfield>
  </datafield>
  <datafield tag="035" ind1=" " ind2=" ">
    <subfield code="a">(OCoLC)oca03626295</subfield>
  </datafield>
  <datafield tag="040" ind1=" " ind2=" ">
    <subfield code="a">MiU</subfield>
    <subfield code="b">eng</subfield>
    <subfield code="e">rda</subfield>
    <subfield code="c">MiU</subfield>
    <subfield code="d">DLC</subfield>
    <subfield code="d">OU</subfield>
  </datafield>
  <datafield tag="100" ind1="1" ind2=" ">
    <subfield code="a">Lotz, Johannes B.</subfield>
    <subfield code="q">(Johannes Baptist),</subfield>
    <subfield code="d">1903-1992.</subfield>
    <subfield code="t">Transzendentale Erfahrung.</subfield>
    <subfield code="l">Italian</subfield>
  </datafield>
  <datafield tag="377" ind1=" " ind2=" ">
    <subfield code="a">ita</subfield>
  </datafield>
  <datafield tag="400" ind1="1" ind2=" ">
    <subfield code="a">Lotz, Johannes B.</subfield>
    <subfield code="q">(Johannes Baptist),</subfield>
    <subfield code="d">1903-1992.</subfield>
    <subfield code="t">Esperienza trascendentale</subfield>
  </datafield>
  <datafield tag="400" ind1="1" ind2=" ">
    <subfield code="w">nnea</subfield>
    <subfield code="a">Lotz, Johannes Baptist,</subfield>
    <subfield code="d">1903-</subfield>
    <subfield code="t">Transzendentale Erfahrung.</subfield>
    <subfield code="l">Italian</subfield>
  </datafield>
  <datafield tag="670" ind1=" " ind2=" ">
    <subfield code="a">Esperienza trascendentale, 1993.</subfield>
  </datafield>
  <datafield tag="953" ind1=" " ind2=" ">
    <subfield code="a">xx00</subfield>
    <subfield code="b">td03</subfield>
  </datafield>
  <datafield tag="985" ind1=" " ind2=" ">
    <subfield code="c">RLIN</subfield>
    <subfield code="e">LSPC</subfield>
  </datafield>
</record>