
<record>
  <leader>01874cz  a2200325n  4500</leader>
  <controlfield tag="001">3161411</controlfield>
  <controlfield tag="003">DLC</controlfield>
  <controlfield tag="005">20200103073313.0</controlfield>
  <controlfield tag="008">960117n| azannaabn          |a aaa      </controlfield>
  <datafield tag="010" ind1=" " ind2=" ">
    <subfield code="a">n  96002736 </subfield>
  </datafield>
  <datafield tag="016" ind1=" " ind2=" ">
    <subfield code="a">0057C5884E</subfield>
  </datafield>
  <datafield tag="035" ind1=" " ind2=" ">
    <subfield code="a">(OCoLC)oca03988736</subfield>
  </datafield>
  <datafield tag="040" ind1=" " ind2=" ">
    <subfield code="a">DLC</subfield>
    <subfield code="b">eng</subfield>
    <subfield code="e">rda</subfield>
    <subfield code="c">DLC</subfield>
    <subfield code="d">Uk</subfield>
    <subfield code="d">CaOONL</subfield>
    <subfield code="d">GVaS</subfield>
  </datafield>
  <datafield tag="042" ind1=" " ind2=" ">
    <subfield code="a">nlc</subfield>
  </datafield>
  <datafield tag="046" ind1=" " ind2=" ">
    <subfield code="f">1949-01-16</subfield>
    <subfield code="2">edtf</subfield>
  </datafield>
  <datafield tag="100" ind1="1" ind2=" ">
    <subfield code="a">Graham, Rodney,</subfield>
    <subfield code="d">1949-</subfield>
  </datafield>
  <datafield tag="370" ind1=" " ind2=" ">
    <subfield code="a">Abbotsford (B.C.)</subfield>
    <subfield code="c">Canada</subfield>
    <subfield code="e">Vancouver (B.C.)</subfield>
    <subfield code="2">naf</subfield>
  </datafield>
  <datafield tag="372" ind1=" " ind2=" ">
    <subfield code="a">Conceptual art</subfield>
    <subfield code="a">Art, Modern--21st century</subfield>
    <subfield code="a">Photography</subfield>
    <subfield code="2">lcsh</subfield>
  </datafield>
  <datafield tag="373" ind1=" " ind2=" ">
    <subfield code="a">University of British Columbia</subfield>
    <subfield code="2">naf</subfield>
  </datafield>
  <datafield tag="374" ind1=" " ind2=" ">
    <subfield code="a">Artists</subfield>
    <subfield code="a">Photographers</subfield>
    <subfield code="2">lcsh</subfield>
  </datafield>
  <datafield tag="375" ind1=" " ind2=" ">
    <subfield code="a">Males</subfield>
    <subfield code="2">lcdgt</subfield>
  </datafield>
  <datafield tag="377" ind1=" " ind2=" ">
    <subfield code="a">eng</subfield>
  </datafield>
  <datafield tag="400" ind1="1" ind2=" ">
    <subfield code="a">Graham, R.</subfield>
    <subfield code="q">(Rodney),</subfield>
    <subfield code="d">1949-</subfield>
  </datafield>
  <datafield tag="670" ind1=" " ind2=" ">
    <subfield code="a">His Rodney Graham, 1988:</subfield>
    <subfield code="b">p. preceding t.p. (Graham, R. (Rodney))</subfield>
  </datafield>
  <datafield tag="670" ind1=" " ind2=" ">
    <subfield code="a">Rodney Graham, works from 1976 to 1994, 1994:</subfield>
    <subfield code="b">t.p. (Rodney Graham) p. 132 (b. 1949 in Canada; lives &amp; works in Vancouver, B.C.)</subfield>
  </datafield>
  <datafield tag="670" ind1=" " ind2=" ">
    <subfield code="a">Canadiana, November 22, 2019</subfield>
    <subfield code="b">(access point: Graham, Rodney, 1949-; born 1949-01-16)</subfield>
  </datafield>
  <datafield tag="670" ind1=" " ind2=" ">
    <subfield code="a">Dan Graham: Beyond, 2009:</subfield>
    <subfield code="b">title page (Rodney Graham)</subfield>
  </datafield>
  <datafield tag="670" ind1=" " ind2=" ">
    <subfield code="a">Art Net website, viewed December 9, 2019</subfield>
    <subfield code="b">(Rodney Graham is an influential contemporary Canadian artist. Best known for his striking photographic Conceptual work, he humorously conflates personal and historical reference with themes of nature, music, art history, and popular culture. A member of the Vancouver School of artists, Graham was born on January 16, 1949 in Abbotsford, Canada and studied at the University of British Columbia in Vancouver. Graham currently lives and works in Vancouver, Canada, and has exhibited regularly with galleries around the world, including 303 Gallery and Hauser &amp; Wirth in New York and Johnen Galerie in Berlin)</subfield>
    <subfield code="u">http://www.artnet.com/artists/rodney-graham/</subfield>
  </datafield>
  <datafield tag="675" ind1=" " ind2=" ">
    <subfield code="a">NLC 01-17-96</subfield>
  </datafield>
  <datafield tag="953" ind1=" " ind2=" ">
    <subfield code="a">jk15</subfield>
  </datafield>
</record>