
<record>
  <leader>00425cz  a2200157n  4500</leader>
  <controlfield tag="001">3169366</controlfield>
  <controlfield tag="003">DLC</controlfield>
  <controlfield tag="005">20200103073313.0</controlfield>
  <controlfield tag="008">960329n| azannaabn          |n aaa      </controlfield>
  <datafield tag="010" ind1=" " ind2=" ">
    <subfield code="a">n  96030946 </subfield>
  </datafield>
  <datafield tag="035" ind1=" " ind2=" ">
    <subfield code="a">(OCoLC)oca04046349</subfield>
  </datafield>
  <datafield tag="040" ind1=" " ind2=" ">
    <subfield code="a">DLC</subfield>
    <subfield code="b">eng</subfield>
    <subfield code="e">rda</subfield>
    <subfield code="c">DLC</subfield>
    <subfield code="d">WU</subfield>
  </datafield>
  <datafield tag="100" ind1="1" ind2=" ">
    <subfield code="a">Velikonja, Joseph</subfield>
  </datafield>
  <datafield tag="375" ind1=" " ind2=" ">
    <subfield code="a">Males</subfield>
    <subfield code="2">lcdgt</subfield>
  </datafield>
  <datafield tag="670" ind1=" " ind2=" ">
    <subfield code="a">Who&apos;s who of Slovene descent in the ... c1995:</subfield>
    <subfield code="b">t.p. verso (Joseph Velikonja)</subfield>
  </datafield>
  <datafield tag="953" ind1=" " ind2=" ">
    <subfield code="a">lj11</subfield>
  </datafield>
</record>