
<record>
  <leader>00564cz  a2200157n  4500</leader>
  <controlfield tag="001">3232625</controlfield>
  <controlfield tag="003">DLC</controlfield>
  <controlfield tag="005">20200103133926.0</controlfield>
  <controlfield tag="008">980723n| azannaab           |n aaa      </controlfield>
  <datafield tag="010" ind1=" " ind2=" ">
    <subfield code="a">n  98066486 </subfield>
  </datafield>
  <datafield tag="035" ind1=" " ind2=" ">
    <subfield code="a">(DLC)n  98066486</subfield>
  </datafield>
  <datafield tag="040" ind1=" " ind2=" ">
    <subfield code="a">DLC</subfield>
    <subfield code="b">eng</subfield>
    <subfield code="e">rda</subfield>
    <subfield code="c">DLC</subfield>
    <subfield code="d">DLC</subfield>
  </datafield>
  <datafield tag="100" ind1="1" ind2=" ">
    <subfield code="a">Dommes, Grit</subfield>
  </datafield>
  <datafield tag="670" ind1=" " ind2=" ">
    <subfield code="a">Von Künstlern und Lebenskünstlern, c1998:</subfield>
    <subfield code="b">t.p. (Grit Dommes)</subfield>
  </datafield>
  <datafield tag="670" ind1=" " ind2=" ">
    <subfield code="a">Prosa von Gabriele Wohmann, 2012:</subfield>
    <subfield code="b">t.p. (Grit Dommes) back cover (worked as a research fellow at the Universität Münster and TU Darmstadt; works and lives in Berlin)</subfield>
  </datafield>
  <datafield tag="953" ind1=" " ind2=" ">
    <subfield code="a">ld99</subfield>
  </datafield>
</record>