
<record>
  <leader>00769cz  a2200181n  4500</leader>
  <controlfield tag="001">3245881</controlfield>
  <controlfield tag="003">DLC</controlfield>
  <controlfield tag="005">20200103115313.0</controlfield>
  <controlfield tag="008">990111n| azannaabn           n aaa      </controlfield>
  <datafield tag="010" ind1=" " ind2=" ">
    <subfield code="a">n  99001986 </subfield>
  </datafield>
  <datafield tag="035" ind1=" " ind2=" ">
    <subfield code="a">(OCoLC)oca04894902</subfield>
  </datafield>
  <datafield tag="040" ind1=" " ind2=" ">
    <subfield code="a">DLC</subfield>
    <subfield code="b">eng</subfield>
    <subfield code="e">rda</subfield>
    <subfield code="c">DLC</subfield>
    <subfield code="d">Uk</subfield>
    <subfield code="d">InU</subfield>
    <subfield code="d">DLC</subfield>
  </datafield>
  <datafield tag="046" ind1=" " ind2=" ">
    <subfield code="f">1957</subfield>
    <subfield code="2">edtf</subfield>
  </datafield>
  <datafield tag="100" ind1="1" ind2=" ">
    <subfield code="a">Amos, N. Scott</subfield>
  </datafield>
  <datafield tag="373" ind1=" " ind2=" ">
    <subfield code="a">University of St Andrews. Reformation Studies Institute</subfield>
    <subfield code="2">naf</subfield>
  </datafield>
  <datafield tag="670" ind1=" " ind2=" ">
    <subfield code="a">The education of a Christian society, 1999:</subfield>
    <subfield code="b">CIP t.p. (N. Scott Amos) bk. jkt. (research student in theology &amp; church history, School of Divinity at the Univ. of St. Andrews &amp; member of the St. Andrews Reformation Studies Institute)</subfield>
  </datafield>
  <datafield tag="670" ind1=" " ind2=" ">
    <subfield code="a">Joshua, Judges, Ruth, 2019:</subfield>
    <subfield code="b">ECIP t.p. (N. Scott Amos) contributor view (birth year: 1957)</subfield>
  </datafield>
  <datafield tag="953" ind1=" " ind2=" ">
    <subfield code="a">sh14</subfield>
  </datafield>
</record>