
<record>
  <leader>01443cz  a2200301n  4500</leader>
  <controlfield tag="001">3262604</controlfield>
  <controlfield tag="003">DLC</controlfield>
  <controlfield tag="005">20200103073217.0</controlfield>
  <controlfield tag="008">800411n| azannaabn          |n aaa      </controlfield>
  <datafield tag="010" ind1=" " ind2=" ">
    <subfield code="a">n  50011780 </subfield>
  </datafield>
  <datafield tag="035" ind1=" " ind2=" ">
    <subfield code="a">(OCoLC)oca00047274</subfield>
  </datafield>
  <datafield tag="040" ind1=" " ind2=" ">
    <subfield code="a">DLC</subfield>
    <subfield code="b">eng</subfield>
    <subfield code="e">rda</subfield>
    <subfield code="c">DLC</subfield>
    <subfield code="d">DLC</subfield>
    <subfield code="d">UPB</subfield>
    <subfield code="d">WU</subfield>
  </datafield>
  <datafield tag="046" ind1=" " ind2=" ">
    <subfield code="f">1922-05-30</subfield>
    <subfield code="g">1980-11-24</subfield>
    <subfield code="2">edtf</subfield>
  </datafield>
  <datafield tag="100" ind1="1" ind2=" ">
    <subfield code="a">Trías, Vivián,</subfield>
    <subfield code="d">1922-1980</subfield>
  </datafield>
  <datafield tag="370" ind1=" " ind2=" ">
    <subfield code="a">Las Piedras (Canelones, Uruguay)</subfield>
    <subfield code="b">Las Piedras (Canelones, Uruguay)</subfield>
    <subfield code="2">naf</subfield>
  </datafield>
  <datafield tag="373" ind1=" " ind2=" ">
    <subfield code="a">Partido Socialista del Uruguay</subfield>
    <subfield code="2">naf</subfield>
  </datafield>
  <datafield tag="373" ind1=" " ind2=" ">
    <subfield code="a">Czechoslovakia. Státní bezpečnost</subfield>
    <subfield code="2">naf</subfield>
  </datafield>
  <datafield tag="374" ind1=" " ind2=" ">
    <subfield code="a">Politicians</subfield>
    <subfield code="a">Historians</subfield>
    <subfield code="a">Legislators</subfield>
    <subfield code="a">Spies</subfield>
    <subfield code="2">lcsh</subfield>
  </datafield>
  <datafield tag="375" ind1=" " ind2=" ">
    <subfield code="a">Males</subfield>
    <subfield code="2">lcdgt</subfield>
  </datafield>
  <datafield tag="377" ind1=" " ind2=" ">
    <subfield code="a">spa</subfield>
  </datafield>
  <datafield tag="670" ind1=" " ind2=" ">
    <subfield code="a">His El plan Kennedy y la revolución latinoamericana, 1961.</subfield>
  </datafield>
  <datafield tag="670" ind1=" " ind2=" ">
    <subfield code="a">His El Imperio Británico en la ... 1988:</subfield>
    <subfield code="b">t.p. (Vivián Trías) back cover (Político, ensayista y legislador; 1922-1980)</subfield>
  </datafield>
  <datafield tag="670" ind1=" " ind2=" ">
    <subfield code="a">His Los caudillos, las clases sociales y el imperio, 1988:</subfield>
    <subfield code="b">t.p. (Vivián Trías) p. 4 of cover (d. 1980)</subfield>
  </datafield>
  <datafield tag="670" ind1=" " ind2=" ">
    <subfield code="a">His Banca y neoliberalismo en el Uruguay, 1990:</subfield>
    <subfield code="b">t.p. (Vivián Trías)</subfield>
  </datafield>
  <datafield tag="670" ind1=" " ind2=" ">
    <subfield code="a">Wikipedia, 2 October 2019</subfield>
    <subfield code="b">(Vivian Trías (Las Piedras, Uruguay, 30 May 1922 - 24 November 1980) was a Uruguayan historian and politician, belonging to the Socialist Party of Uruguay; secret agent of the Czech Státní bezpečnost (StB))</subfield>
  </datafield>
  <datafield tag="952" ind1=" " ind2=" ">
    <subfield code="a">RETRO</subfield>
  </datafield>
  <datafield tag="952" ind1=" " ind2=" ">
    <subfield code="a">*hh10 030 053 04-08-91</subfield>
  </datafield>
  <datafield tag="953" ind1=" " ind2=" ">
    <subfield code="a">xx00</subfield>
    <subfield code="b">hh10</subfield>
  </datafield>
</record>