
<record>
  <leader>01619cz  a2200241n  4500</leader>
  <controlfield tag="001">3263191</controlfield>
  <controlfield tag="003">DLC</controlfield>
  <controlfield tag="005">20200103073217.0</controlfield>
  <controlfield tag="008">800423n| azannaabn          |n aaa      </controlfield>
  <datafield tag="010" ind1=" " ind2=" ">
    <subfield code="a">n  50017780 </subfield>
  </datafield>
  <datafield tag="035" ind1=" " ind2=" ">
    <subfield code="a">(OCoLC)oca00053226</subfield>
  </datafield>
  <datafield tag="040" ind1=" " ind2=" ">
    <subfield code="a">DLC</subfield>
    <subfield code="b">eng</subfield>
    <subfield code="e">rda</subfield>
    <subfield code="c">DLC</subfield>
    <subfield code="d">DLC</subfield>
    <subfield code="d">OU</subfield>
  </datafield>
  <datafield tag="046" ind1=" " ind2=" ">
    <subfield code="f">1905-05-10</subfield>
    <subfield code="g">1991-01-13</subfield>
    <subfield code="2">edtf</subfield>
  </datafield>
  <datafield tag="100" ind1="1" ind2=" ">
    <subfield code="a">Bärmann, Johannes,</subfield>
    <subfield code="d">1905-1991</subfield>
  </datafield>
  <datafield tag="370" ind1=" " ind2=" ">
    <subfield code="a">Hof (Hof, Germany)</subfield>
    <subfield code="2">naf</subfield>
  </datafield>
  <datafield tag="370" ind1=" " ind2=" ">
    <subfield code="b">Albisheim (Germany)</subfield>
  </datafield>
  <datafield tag="374" ind1=" " ind2=" ">
    <subfield code="a">Lawyers</subfield>
    <subfield code="a">College teachers</subfield>
    <subfield code="2">lcsh</subfield>
  </datafield>
  <datafield tag="375" ind1=" " ind2=" ">
    <subfield code="a">Males</subfield>
    <subfield code="2">lcdgt</subfield>
  </datafield>
  <datafield tag="670" ind1=" " ind2=" ">
    <subfield code="a">His Typisierte Zivilrechtsordnung der Daseinsvorsorge, 1948.</subfield>
  </datafield>
  <datafield tag="670" ind1=" " ind2=" ">
    <subfield code="a">His Wohnungseigentum, 1991:</subfield>
    <subfield code="b">t.p. (Justizrat Dr. Johannes Bärmann, ehem. Professor, Univ. Mainz; Notar a.D.; obit.)</subfield>
  </datafield>
  <datafield tag="670" ind1=" " ind2=" ">
    <subfield code="a">Wikidata via Wikipedia, January 2, 2020</subfield>
    <subfield code="b">(alias: Johannes Bärmann; instance of: human; sex or gender: male; GND identifier: 118651811; VIAF identifier: 108791375; date of death: +1991-01-13T00:00:00Z; date of birth: +1905-05-10T00:00:00Z; place of birth: Hof; occupation: university teacher; LCAuth identifier: n50017780; SUDOC authorities: 140480722; BIBSYS identifier: 11042879; BAV (Vatican Library) identifier: ADV10056074; NUKAT authorities: n2007132139; LNB identifier: 000191476; NTA identifier (Netherlands): 069730555; Pers\u00e9e author ID (P2732): 52585; ISNI (P213): 000000010931969X; given name: Johannes; employer: Heidelberg University, Johannes Gutenberg University Mainz; FAST-ID: 5622; CONOR identifier: 27518819; NKC identifier: jn20000600701; description/label: academisch docent)</subfield>
    <subfield code="u">http://www.wikidata.org/entity/Q29043022</subfield>
  </datafield>
  <datafield tag="952" ind1=" " ind2=" ">
    <subfield code="a">RETRO</subfield>
  </datafield>
  <datafield tag="953" ind1=" " ind2=" ">
    <subfield code="a">xx00</subfield>
    <subfield code="b">ec29</subfield>
  </datafield>
</record>