
<record>
  <leader>01823cz  a2200373n  4500</leader>
  <controlfield tag="001">3263525</controlfield>
  <controlfield tag="003">DLC</controlfield>
  <controlfield tag="005">20200103114201.0</controlfield>
  <controlfield tag="008">800507n| azannaabn          |a aaa      </controlfield>
  <datafield tag="010" ind1=" " ind2=" ">
    <subfield code="a">n  50021160 </subfield>
    <subfield code="z">n  90695517 </subfield>
  </datafield>
  <datafield tag="035" ind1=" " ind2=" ">
    <subfield code="a">(OCoLC)oca00056586</subfield>
  </datafield>
  <datafield tag="040" ind1=" " ind2=" ">
    <subfield code="a">DLC</subfield>
    <subfield code="b">eng</subfield>
    <subfield code="e">rda</subfield>
    <subfield code="c">DLC</subfield>
    <subfield code="d">DLC</subfield>
    <subfield code="d">MoSU</subfield>
    <subfield code="d">IEN</subfield>
    <subfield code="d">NNCU-C</subfield>
    <subfield code="d">DLC</subfield>
  </datafield>
  <datafield tag="046" ind1=" " ind2=" ">
    <subfield code="f">1922</subfield>
    <subfield code="g">20090703</subfield>
  </datafield>
  <datafield tag="100" ind1="1" ind2=" ">
    <subfield code="a">Spencer, William,</subfield>
    <subfield code="d">1922-2009</subfield>
  </datafield>
  <datafield tag="370" ind1=" " ind2=" ">
    <subfield code="a">Erie (Pa.)</subfield>
    <subfield code="e">Saint Augustine (Fla.)</subfield>
    <subfield code="f">Tallahassee (Fla.)</subfield>
    <subfield code="2">naf</subfield>
  </datafield>
  <datafield tag="372" ind1=" " ind2=" ">
    <subfield code="a">Middle East</subfield>
    <subfield code="2">lcsh</subfield>
  </datafield>
  <datafield tag="373" ind1=" " ind2=" ">
    <subfield code="a">Florida State University. Department of History</subfield>
    <subfield code="2">naf</subfield>
    <subfield code="s">1968</subfield>
    <subfield code="t">1980</subfield>
  </datafield>
  <datafield tag="374" ind1=" " ind2=" ">
    <subfield code="a">Historians</subfield>
    <subfield code="2">lcsh</subfield>
  </datafield>
  <datafield tag="375" ind1=" " ind2=" ">
    <subfield code="a">male</subfield>
  </datafield>
  <datafield tag="377" ind1=" " ind2=" ">
    <subfield code="a">eng</subfield>
  </datafield>
  <datafield tag="378" ind1=" " ind2=" ">
    <subfield code="q">William A.</subfield>
  </datafield>
  <datafield tag="400" ind1="1" ind2=" ">
    <subfield code="w">nne</subfield>
    <subfield code="a">Spencer, William,</subfield>
    <subfield code="d">1922-</subfield>
  </datafield>
  <datafield tag="400" ind1="1" ind2=" ">
    <subfield code="a">Spencer, William A.,</subfield>
    <subfield code="d">1922-2009</subfield>
  </datafield>
  <datafield tag="400" ind1="1" ind2=" ">
    <subfield code="a">Ispinsir, Vīlīyām,</subfield>
    <subfield code="d">1922-2009</subfield>
  </datafield>
  <datafield tag="400" ind1="1" ind2=" ">
    <subfield code="a">اسپنسر، ويليام</subfield>
  </datafield>
  <datafield tag="670" ind1=" " ind2=" ">
    <subfield code="a">The land and people of Turkey, 1958.</subfield>
  </datafield>
  <datafield tag="670" ind1=" " ind2=" ">
    <subfield code="a">LC data base, 8/14/87</subfield>
    <subfield code="b">(hdg.: Spencer, William; usage: William Spencer)</subfield>
  </datafield>
  <datafield tag="670" ind1=" " ind2=" ">
    <subfield code="a">The challenge of world hunger, c1991:</subfield>
    <subfield code="b">CIP t.p. (William A. Spencer)</subfield>
  </datafield>
  <datafield tag="670" ind1=" " ind2=" ">
    <subfield code="a">The St. Augustine record, July 4, 2009, viewed online on April 7, 2014</subfield>
    <subfield code="b">(Dr. William Spencer, of St. Augustine, died Friday, July 3, 2009; native of Erie, Pennsylvania; Ph. D. from American University; taught English in Ankara, Turkey; professor of history at Florida State University, 1968-1980; author of 15 books about the Middle East, North Africa, and Germany; author of Global studies: The Middle East)</subfield>
  </datafield>
  <datafield tag="670" ind1=" " ind2=" ">
    <subfield code="a">Information from 678 field, converted April 23, 2014</subfield>
    <subfield code="b">(b. 1922)</subfield>
  </datafield>
  <datafield tag="670" ind1=" " ind2=" ">
    <subfield code="a">Sarzamīn va mardum-i Turkīyah, 1963:</subfield>
    <subfield code="b">t.p. (ويليام اسپنسر =  Vīlīyām Ispinsir) added t.p. (William Spencer [in rom.])</subfield>
  </datafield>
  <datafield tag="952" ind1=" " ind2=" ">
    <subfield code="a">RETRO</subfield>
  </datafield>
  <datafield tag="952" ind1=" " ind2=" ">
    <subfield code="a">*ea27 015 043 060 02-25-91</subfield>
  </datafield>
  <datafield tag="953" ind1=" " ind2=" ">
    <subfield code="a">xx00</subfield>
    <subfield code="b">cm03</subfield>
  </datafield>
</record>