
<record>
  <leader>00780cz  a2200205n  4500</leader>
  <controlfield tag="001">3263844</controlfield>
  <controlfield tag="003">DLC</controlfield>
  <controlfield tag="005">20200103073217.0</controlfield>
  <controlfield tag="008">800516n| azannaabn          |a ana      </controlfield>
  <datafield tag="010" ind1=" " ind2=" ">
    <subfield code="a">n  50024410 </subfield>
  </datafield>
  <datafield tag="035" ind1=" " ind2=" ">
    <subfield code="a">(OCoLC)oca00059817</subfield>
  </datafield>
  <datafield tag="040" ind1=" " ind2=" ">
    <subfield code="a">DLC</subfield>
    <subfield code="b">eng</subfield>
    <subfield code="e">rda</subfield>
    <subfield code="c">DLC</subfield>
    <subfield code="d">InU</subfield>
    <subfield code="d">DNLM</subfield>
    <subfield code="d">InU</subfield>
  </datafield>
  <datafield tag="110" ind1="1" ind2=" ">
    <subfield code="a">Eastern Nigeria (Nigeria).</subfield>
    <subfield code="b">Ministry of Information</subfield>
  </datafield>
  <datafield tag="370" ind1=" " ind2=" ">
    <subfield code="e">Enugu (Nigeria)</subfield>
    <subfield code="2">naf</subfield>
  </datafield>
  <datafield tag="410" ind1="1" ind2=" ">
    <subfield code="a">Eastern Nigeria (Nigeria).</subfield>
    <subfield code="b">Information, Ministry of</subfield>
  </datafield>
  <datafield tag="670" ind1=" " ind2=" ">
    <subfield code="a">Its Know your legislators.</subfield>
  </datafield>
  <datafield tag="670" ind1=" " ind2=" ">
    <subfield code="a">Medical services, between 1961 and 1967:</subfield>
    <subfield code="b">p. facing t.p. (Eastern Nigeria Ministry of Information)</subfield>
  </datafield>
  <datafield tag="670" ind1=" " ind2=" ">
    <subfield code="a">Enugu, capital of Eastern Nigeria, between 1963 and 1966?:</subfield>
    <subfield code="b">page 4 of cover (Publicity  Division, Ministry of Information, Enugu)</subfield>
  </datafield>
  <datafield tag="952" ind1=" " ind2=" ">
    <subfield code="a">RETRO</subfield>
  </datafield>
  <datafield tag="953" ind1=" " ind2=" ">
    <subfield code="a">xx00</subfield>
  </datafield>
</record>