
<record>
  <leader>00753cz  a2200181n  4500</leader>
  <controlfield tag="001">3304620</controlfield>
  <controlfield tag="003">DLC</controlfield>
  <controlfield tag="005">20200103073228.0</controlfield>
  <controlfield tag="008">800813n| azannaabn          |b ana      </controlfield>
  <datafield tag="010" ind1=" " ind2=" ">
    <subfield code="a">n  80094750 </subfield>
  </datafield>
  <datafield tag="035" ind1=" " ind2=" ">
    <subfield code="a">(OCoLC)oca00475816</subfield>
  </datafield>
  <datafield tag="040" ind1=" " ind2=" ">
    <subfield code="a">DLC</subfield>
    <subfield code="b">eng</subfield>
    <subfield code="e">rda</subfield>
    <subfield code="c">DLC</subfield>
    <subfield code="d">OCoLC</subfield>
    <subfield code="d">InU</subfield>
  </datafield>
  <datafield tag="110" ind1="1" ind2=" ">
    <subfield code="a">Eastern Nigeria (Nigeria).</subfield>
    <subfield code="b">Ministry of Information.</subfield>
    <subfield code="b">Publicity  Division</subfield>
  </datafield>
  <datafield tag="370" ind1=" " ind2=" ">
    <subfield code="e">Enugu (Nigeria)</subfield>
    <subfield code="2">naf</subfield>
  </datafield>
  <datafield tag="410" ind1="1" ind2=" ">
    <subfield code="w">nnaa</subfield>
    <subfield code="a">Eastern Nigeria.</subfield>
    <subfield code="b">Ministry of Information.</subfield>
    <subfield code="b">Publicity Division.</subfield>
  </datafield>
  <datafield tag="670" ind1=" " ind2=" ">
    <subfield code="a">Its Nigerian pogrom, 1966:</subfield>
    <subfield code="b">t.p. (Publicity Division of the Ministry of Information, Eastern Nigeria)</subfield>
  </datafield>
  <datafield tag="670" ind1=" " ind2=" ">
    <subfield code="a">Enugu, capital of Eastern Nigeria, between 1963 and 1966?:</subfield>
    <subfield code="b">page 4 of cover (Publicity  Division, Ministry of Information, Enugu)</subfield>
  </datafield>
  <datafield tag="953" ind1=" " ind2=" ">
    <subfield code="a">bb11</subfield>
  </datafield>
</record>