
<record>
  <leader>02910cz  a2200289n  4500</leader>
  <controlfield tag="001">3307371</controlfield>
  <controlfield tag="003">DLC</controlfield>
  <controlfield tag="005">20200103073221.0</controlfield>
  <controlfield tag="008">800926n| azannaabn          |a aaa      </controlfield>
  <datafield tag="010" ind1=" " ind2=" ">
    <subfield code="a">n  80123200 </subfield>
  </datafield>
  <datafield tag="035" ind1=" " ind2=" ">
    <subfield code="a">(OCoLC)oca00503756</subfield>
  </datafield>
  <datafield tag="040" ind1=" " ind2=" ">
    <subfield code="a">DLC</subfield>
    <subfield code="b">eng</subfield>
    <subfield code="e">rda</subfield>
    <subfield code="c">DLC</subfield>
    <subfield code="d">Uk</subfield>
    <subfield code="d">DLC</subfield>
    <subfield code="d">OU</subfield>
  </datafield>
  <datafield tag="046" ind1=" " ind2=" ">
    <subfield code="f">1909-03-05</subfield>
    <subfield code="g">1998-03-04</subfield>
    <subfield code="2">edtf</subfield>
  </datafield>
  <datafield tag="100" ind1="1" ind2=" ">
    <subfield code="a">Flechtheim, Ossip K.</subfield>
    <subfield code="q">(Ossip Kurt),</subfield>
    <subfield code="d">1909-1998</subfield>
  </datafield>
  <datafield tag="370" ind1=" " ind2=" ">
    <subfield code="a">Mykolaïv (Mykolaïvsʹka oblastʹ, Ukraine)</subfield>
    <subfield code="b">Berlin (Germany)</subfield>
    <subfield code="c">Germany</subfield>
    <subfield code="2">naf</subfield>
  </datafield>
  <datafield tag="374" ind1=" " ind2=" ">
    <subfield code="a">Journalists</subfield>
    <subfield code="a">College teachers</subfield>
    <subfield code="a">Authors</subfield>
    <subfield code="2">lcsh</subfield>
  </datafield>
  <datafield tag="375" ind1=" " ind2=" ">
    <subfield code="a">Males</subfield>
    <subfield code="2">lcdgt</subfield>
  </datafield>
  <datafield tag="378" ind1=" " ind2=" ">
    <subfield code="q">Ossip Kurt</subfield>
  </datafield>
  <datafield tag="400" ind1="1" ind2=" ">
    <subfield code="w">nnaa</subfield>
    <subfield code="a">Flechtheim, Ossip Kurt,</subfield>
    <subfield code="d">1909-</subfield>
  </datafield>
  <datafield tag="400" ind1="1" ind2=" ">
    <subfield code="a">Flechtheim, Ossip Kurt,</subfield>
    <subfield code="d">1909-1998</subfield>
  </datafield>
  <datafield tag="670" ind1=" " ind2=" ">
    <subfield code="a">His Hegels Strafrechttheorie, c1936:</subfield>
    <subfield code="b">title page (Ossip Kurt Flechtheim)</subfield>
  </datafield>
  <datafield tag="670" ind1=" " ind2=" ">
    <subfield code="a">Marx heute, c1983 (a.e.)</subfield>
    <subfield code="b">t.p. (Ossip K. Flechtheim)</subfield>
  </datafield>
  <datafield tag="670" ind1=" " ind2=" ">
    <subfield code="a">Ossip K. Flechtheim, 2007:</subfield>
    <subfield code="b">t.p. (1909-1998)</subfield>
  </datafield>
  <datafield tag="670" ind1=" " ind2=" ">
    <subfield code="a">OCLC, viewed January 2, 2020</subfield>
    <subfield code="b">(usage: Ossip K. Flechtheim; Ossip Kurt Flechtheim)</subfield>
  </datafield>
  <datafield tag="670" ind1=" " ind2=" ">
    <subfield code="a">Wikidata via Wikipedia, January 2, 2020</subfield>
    <subfield code="b">(alias: O. K. Flechtheim, Ossip Flechtheim, Ossip K. Flechtheim, Ossip Kurt Flechtheim; sex or gender: male; LCAuth identifier: n80123200; VIAF identifier: 108757564; GND identifier: 118533789; place of birth: Mykolaiv; place of death: Berlin; country of citizenship: Germany; instance of: human; date of birth: +1909-03-05T00:00:00Z; date of death: +1998-03-04T00:00:00Z; member of political party: Communist Party of Germany, Social Democratic Party of Germany, Alliance &apos;90/The Greens; employer: Freie Universität Berlin; given name: Ossip; award received: Ernst Reuter Medal; Munzinger IBA: 00000010499; occupation: opinion journalist, university teacher, writer; Sikart: 4025858; Nobel Prize People Nomination ID (P3360): 3052; PM20 folder ID (P4293): pe/005286; NTA identifier (Netherlands): 06917573X; ISFDB author ID: 188601; educated at: Graduate Institute of International and Development Studies; SHARE Catalogue author ID (P3987): 200260; ISNI (P213): 0000000109319075; languages spoken or published: German; FAST-ID: 61220; Benezit ID (P2843): B00115721; SUDOC authorities: 095672524; BnF identifier: 12752603v; NKC identifier: skuk0002474; SBN identifier: IT\\ICCU\\RAVV\\044835; LNB identifier: 000151114; NLA identifier: 35088451; BIBSYS identifier: 90168805; NDL identifier: 00439693; ELNET ID (P6394): a11387233; CiNii author identifier: DA01103621; NUKAT authorities: n97021551; NLI (Israel) identifier: 000047358; RERO ID (P3065): 02-A003247396; National Library of Korea Identifier (P5034): KAC2018N9668; People Australia identifier: 823052; Brockhaus Enzyklop\u00e4die online ID (P5019): flechtheim-ossip-k-kurt; description/label: deutscher Jurist, Duits publicist , German opinion journalist, professor académico alemão, tysk professor)</subfield>
    <subfield code="u">http://www.wikidata.org/entity/Q123899</subfield>
  </datafield>
  <datafield tag="952" ind1=" " ind2=" ">
    <subfield code="a">RETRO</subfield>
  </datafield>
  <datafield tag="953" ind1=" " ind2=" ">
    <subfield code="a">xx00</subfield>
    <subfield code="b">ec03</subfield>
  </datafield>
</record>