
<record>
  <leader>01869cz  a2200373n  4500</leader>
  <controlfield tag="001">3312670</controlfield>
  <controlfield tag="003">DLC</controlfield>
  <controlfield tag="005">20200103073223.0</controlfield>
  <controlfield tag="008">810212n| azannaabn          |a aaa      </controlfield>
  <datafield tag="010" ind1=" " ind2=" ">
    <subfield code="a">n  81011780 </subfield>
    <subfield code="z">n  85277327 </subfield>
  </datafield>
  <datafield tag="016" ind1=" " ind2=" ">
    <subfield code="a">0010H7886E</subfield>
  </datafield>
  <datafield tag="035" ind1=" " ind2=" ">
    <subfield code="a">(OCoLC)oca00557724</subfield>
  </datafield>
  <datafield tag="040" ind1=" " ind2=" ">
    <subfield code="a">DLC</subfield>
    <subfield code="b">eng</subfield>
    <subfield code="e">rda</subfield>
    <subfield code="c">DLC</subfield>
    <subfield code="d">MH</subfield>
    <subfield code="d">DLC</subfield>
    <subfield code="d">CaOONL</subfield>
    <subfield code="d">GVaS</subfield>
  </datafield>
  <datafield tag="042" ind1=" " ind2=" ">
    <subfield code="a">nlc</subfield>
  </datafield>
  <datafield tag="046" ind1=" " ind2=" ">
    <subfield code="f">1944-08-03</subfield>
    <subfield code="2">edtf</subfield>
  </datafield>
  <datafield tag="100" ind1="1" ind2=" ">
    <subfield code="a">Vanderburg, Willem H.</subfield>
  </datafield>
  <datafield tag="370" ind1=" " ind2=" ">
    <subfield code="c">Canada</subfield>
    <subfield code="f">Toronto (Ont.)</subfield>
    <subfield code="2">naf</subfield>
  </datafield>
  <datafield tag="372" ind1=" " ind2=" ">
    <subfield code="a">Education, Higher</subfield>
    <subfield code="a">Sociology</subfield>
    <subfield code="a">Industrial engineering</subfield>
    <subfield code="2">lcsh</subfield>
  </datafield>
  <datafield tag="373" ind1=" " ind2=" ">
    <subfield code="a">University of Toronto</subfield>
    <subfield code="2">naf</subfield>
  </datafield>
  <datafield tag="374" ind1=" " ind2=" ">
    <subfield code="a">College teachers</subfield>
    <subfield code="a">Authors</subfield>
    <subfield code="2">lcsh</subfield>
  </datafield>
  <datafield tag="375" ind1=" " ind2=" ">
    <subfield code="a">Males</subfield>
    <subfield code="2">lcdgt</subfield>
  </datafield>
  <datafield tag="377" ind1=" " ind2=" ">
    <subfield code="a">eng</subfield>
  </datafield>
  <datafield tag="400" ind1="1" ind2=" ">
    <subfield code="a">Vanderburg, Bill</subfield>
  </datafield>
  <datafield tag="400" ind1="1" ind2=" ">
    <subfield code="w">nne</subfield>
    <subfield code="a">Vanderburg, William H.</subfield>
  </datafield>
  <datafield tag="400" ind1="1" ind2=" ">
    <subfield code="a">Vanderburg, W. H.</subfield>
    <subfield code="q">(Willem H.)</subfield>
  </datafield>
  <datafield tag="510" ind1="2" ind2=" ">
    <subfield code="w">r</subfield>
    <subfield code="i">Employer:</subfield>
    <subfield code="a">University of Toronto</subfield>
  </datafield>
  <datafield tag="670" ind1=" " ind2=" ">
    <subfield code="a">Ellul, J. Perspectives on our age, 1981 (a.e.)</subfield>
    <subfield code="b">t.p. (William H. Vanderburg)</subfield>
  </datafield>
  <datafield tag="670" ind1=" " ind2=" ">
    <subfield code="a">His The growth of minds and cultures, c1985:</subfield>
    <subfield code="b">t.p. (Willem H. Vanderburg) p. xii (Bill Vanderburg) jkt. (teaches in the departments of Industrial Engineering and Sociology at the University of Toronto)</subfield>
  </datafield>
  <datafield tag="670" ind1=" " ind2=" ">
    <subfield code="a">NLC, 4/9/86</subfield>
    <subfield code="b">(AACR 2: Vanderburg, William H.; full name: Willem Hendrik Vanderburg)</subfield>
  </datafield>
  <datafield tag="670" ind1=" " ind2=" ">
    <subfield code="a">Preparing for a sustainable society, c1991:</subfield>
    <subfield code="b">t.p. (W.H. Vanderburg) p. 9 (Willem H. Vanderburg; Fac. of Applied Sci., Univ. of Toronto)</subfield>
  </datafield>
  <datafield tag="670" ind1=" " ind2=" ">
    <subfield code="a">Healthy cities, 2001:</subfield>
    <subfield code="b">CIP t.p. (Bill Vanderburg) data sheet (b. Aug. 3, 1944) galley (Willem H. Vanderburg)</subfield>
  </datafield>
  <datafield tag="670" ind1=" " ind2=" ">
    <subfield code="a">Info. from publisher, 13 July 2001</subfield>
    <subfield code="b">CIP data, CIP t.p., etc. (Willem H. Vanderburg)</subfield>
  </datafield>
  <datafield tag="670" ind1=" " ind2=" ">
    <subfield code="a">Secular nations under new gods, 2018:</subfield>
    <subfield code="b">page i (Willem H. Vanderburg is the founding director of the Centre for Technology and Social Development and is now professor emeritus at the University of Toronto)</subfield>
  </datafield>
  <datafield tag="953" ind1=" " ind2=" ">
    <subfield code="a">br02</subfield>
    <subfield code="b">sb01</subfield>
  </datafield>
</record>
</collection>
